3409 4909
277 519 301 567 p.
321 500 368 551 Ch.
388 499 432 566 70)
638 515 865 559 ursroaranurr
886 497 925 557 V.
949 497 1035 558 1-2.

582 1117 624 1198 Ρ.
649 1114 888 1199 ΟΟΒΝΕΗ
915 1112 1095 1196 ΤΑΟΙΤΙ

494 1338 544 1416 Η
564 1338 588 1415 Ι
607 1320 647 1416 S
666 1338 707 1415 T
728 1337 772 1415 O
795 1337 847 1414 R
867 1337 890 1414 Ι
909 1336 960 1415 Α
980 1337 1032 1414 R
1054 1336 1103 1414 U
1127 1337 1182 1413 M

682 1548 795 1599 LIBER
814 1546 992 1610 QUINTUS.
1066 1607 1067 1610 Ἴ

315 1883 470 1944 Eiusdem
498 1884 575 1944 anni
603 1883 763 1963 principio
791 1884 908 1945 Caesar
935 1883 1044 1959 Titus,
1076 1880 1317 1962 perdomandae
1345 1880 1397 1941 Iu-

274 1981 372 2043 daeae
401 1981 544 2043 delectus
573 2001 592 2042 a
619 1988 710 2062 patre
738 1987 770 2044 et
797 1982 932 2061 privatis
960 1980 1130 2060 utriusque
1157 1980 1252 2042 rebus
1280 1978 1398 2039 militia
1426 2058 1428 2063 Ι

274 2079 396 2156 clarus,
426 2080 545 2140 maiore
569 2085 641 2140 tum
663 2081 696 2141 vi
717 2079 870 2159 famaque
892 2079 1022 2157 agebat,
1051 2078 1248 2139 certantibus
1269 2077 1397 2157 provin·
1427 2087 1430 2096 '

274 2178 397 2239 ciarum
419 2183 450 2239 et
471 2178 672 2239 exercituum
693 2178 809 2239 studiis
816 2198 823 2255 ;
846 2182 943 2256 atque
965 2177 1049 2256 ipse,
1071 2181 1109 2237 ut
1123 2195 1219 2255 super
1233 2175 1398 2236 fortunam

235 2293 253 2344 5
274 2275 470 2353 crederetur,
499 2276 652 2336 decorum
681 2295 713 2336 se
741 2281 995 2355 promptumque
1016 2275 1051 2334 in
1072 2274 1170 2334 armis
1192 2271 1397 2349 ostendebat,

274 2374 425 2434 comitate
463 2378 495 2434 et
533 2372 694 2452 adloquiis
726 2373 831 2434 officia
862 2391 1041 2451 provocans
1073 2391 1109 2432 ac
1140 2371 1333 2451 plerumque
1363 2372 1398 2431 in

274 2490 385 2550 opere,
413 2471 448 2531 in
475 2471 602 2548 agmine
630 2470 771 2548 gregario
800 2470 897 2530 militi
926 2470 1062 2545 mixtus,
1091 2468 1277 2546 incorrupto
1306 2466 1397 2527 ducis

274 2568 403 2628 honore.
432 2568 508 2628 Tres
536 2587 612 2629 eum
640 2568 675 2628 in
703 2568 825 2629 Iudaea
845 2567 1002 2644 legioneS,
1030 2565 1146 2646 quinta
1167 2569 1199 2625 et
1219 2564 1345 2625 decima
1365 2571 1397 2625 et

275 2668 389 2743 quinta
410 2665 550 2739 decima,
580 2670 673 2727 vetus
695 2665 888 2744 Vespasiani
909 2664 1018 2739 miles,
1041 2682 1209 2741 excepere3
1232 2660 1359 2722 addidit
1380 2682 1396 2721 c

216 2780 255 2834 10
274 2762 367 2843 Syria
395 2763 621 2824 duodecimam
649 2768 682 2824 et
710 2746 1087 2823 abductos'Alexandria
1108 2759 1396 2821 duoetvicensima·

273 2866 332 2922 nos
353 2862 587 2939 tertianosque:
616 2860 857 2922 comitabantur
878 2859 992 2936 viginti
1013 2858 1118 2919 sociae
1140 2857 1302 2933 cohorteS,
1324 2862 1396 2918 octo

273 2959 433 3037 equitum·
449 2958 534 3035 alae,
563 2958 662 3037 simul
684 2956 1090 3038 AgrippaSohaemusque
1112 2974 1199 3032 reges
1221 2960 1253 3015 et
1274 2954 1396 3015 auxilia

273 3055 355 3132 regis
383 3054 536 3115 Antiochi
560 3054 734 3133 validaque
756 3060 787 3114 et
808 3053 903 3115 solito
925 3054 1008 3114 inter
1029 3052 1153 3113 accolas
1175 3051 1249 3113 odio
1271 3051 1397 3112 infensa

274 3151 404 3213 Iudaeis
431 3152 575 3213 Arabum
596 3172 728 3229 manus3
758 3152 871 3229 multi,
899 3170 986 3231 quos
1001 3151 1080 3211 urbe
1101 3154 1200 3228 atque
1221 3148 1317 3209 ltalia
1339 3169 1397 3209 sua

217 3269 254 3320 15
274 3269 436 3329 quemque
457 3270 530 3329 spes
550 3250 710 3311 acciverat
730 3249 911 3328 occupandi
929 3249 1109 3329 principem
1124 3246 1231 3307 adhuc
1246 3266 1395 3309 vacuum.

274 3348 336 3408 His
364 3367 438 3408 cum
466 3347 567 3427 copiis
595 3347 674 3409 fines
703 3347 847 3408 hostium
869 3347 1029 3424 ingressus
1052 3344 1230 3423 composito
1252 3344 1395 3421 agmine,

274 3451 390 3505 cuncta
414 3445 585 3524 explorans
607 3449 804 3524 paratusque
825 3444 1010 3520 decernere,
1038 3441 1128 3503 haud
1149 3442 1262 3521 procul
1284 3442 1397 3501 Hiero-

274 3541 408 3621 solymis
432 3547 535 3604 castra
556 3542 642 3603 facit.
672 3541 734 3603 Sed
755 3542 911 3620 quoniam
932 3540 1075 3601 famosae
1096 3539 1185 3600 urbis
1207 3547 1429 3618 supremum2

308 3874 333 3926 2.
353 3874 461 3941 privatis
471 3874 553 3925 aba.
563 3874 641 3937 platis
651 3874 673 3924 F
684 3876 713 3939 es.
723 3890 749 3939 p.
762 3871 866 3925 14129.
879 3902 912 3909 —
923 3819 1020 3937 utridq3
1040 3872 1071 3922 F.
1092 3899 1124 3907 —
1135 3870 1160 3921 4.
1181 3886 1258 3936 super
1266 3870 1398 3921 fortunam

272 3962 344 4030 Lips.
374 3962 501 4029 superiori
526 3980 605 4013 unam
630 3963 660 4012 F.
692 3992 723 4000 -
750 3961 791 4014 10.
820 3960 981 4012 duodecuma
1005 3961 1036 4010 F.
1067 3988 1099 3995 —
1125 3957 1275 4008 alexandria
1292 3956 1334 4008 Fl.
1364 3986 1397 3995 —

271 4102 526 4173 duoetuicensimanb
536 4122 566 4172 F.
582 4151 614 4159 -
627 4121 668 4172 14.
680 4121 805 4187 multique
815 4120 898 4171 Halm
908 4149 940 4157 -
953 4117 1022 4188 (ex)
1033 4117 1096 4168 urbe
1106 4117 1186 4183 Nipp.
1198 4146 1231 4153 -
1244 4118 1284 4168 17.
1304 4045 1379 4167 llldld
1392 4115 1397 4186 l

271 4209 369 4262 solimis
387 4211 417 4261 F.
437 4241 470 4248 —
492 4210 533 4262 18.
553 4209 676 4275 quoniam
696 4209 710 4259 b
729 4210 746 4273 q
764 4210 787 4260 F
806 4211 835 4275 cf.
853 4227 880 4275 p.
902 4206 998 4261 15828
1016 4214 1039 4257 et
1057 4204 1168 4269 20324,
1188 4203 1293 4258 205.11.
