3409 4909
311 447 370 508 100
736 461 877 504 corruam
898 460 1009 503 110111
1280 444 1316 509 (a.
1335 459 1361 493 u.
1381 441 1434 495 022

311 652 440 693 0111116111
468 631 599 691 infimae
625 630 728 709 plebis
750 650 913 691 rumorem
934 630 969 690 in
989 630 1114 690 theatro
1136 633 1174 689 ut
1194 633 1371 708 spectator,
1400 628 1435 688 in

311 730 393 791 circo
421 734 459 790 ut
478 729 585 790 fautor
605 727 789 789 adfectavit.
818 727 909 798 Quae
930 732 1020 805 grata
1041 746 1117 787 sane
1139 731 1171 787 et
1192 726 1379 806 popularia,
1408 726 1435 785 si

311 847 330 888 a
351 828 526 889 virtutibus
547 826 839 905 proficiscerentur,
862 825 1019 886 memoria
1039 824 1125 886 vitae
1145 824 1260 903 prioris
1281 823 1435 885 indecora

311 932 343 987 et
370 926 448 987 vilia
475 924 724 1004 accipiebantur.
754 924 944 985 Ventitabat
970 924 1005 983 in
1033 928 1198 1000 senatum,
1230 921 1329 983 etiam
1359 941 1435 983 oum

310 1023 419 1102 parvis
447 1023 486 1083 de
514 1023 608 1084 rebus
630 1027 737 1100 patres
757 1022 1016 1099 consulerentur,
1045 1040 1083 1081 ac
1103 1020 1184 1081 forte
1206 1020 1334 1080 Priscus
1356 1019 1469 1081 Hel-a

310 1120 434 1197 vidius,
462 1124 590 1199 praetor
617 1120 819 1198 designatus,
848 1125 961 1182 contra
990 1118 1135 1180 studium
1164 1118 1233 1179 eius
1255 1122 1434 1178 censuerat.

311 1217 500 1279 Commotus
521 1218 627 1297 primo
649 1217 815 1294 Vitellius,
838 1237 904 1278 non
926 1222 1035 1278 tamen
1057 1216 1143 1277 ultra
1164 1235 1263 1295 quam
1284 1214 1435 1276 tribunos

310 1315 414 1395 plebis
441 1316 475 1376 in
503 1316 664 1376 auxilium
692 1320 817 1395 spretae
842 1316 1012 1394 potestatis
1033 1313 1220 1377 advocavit:
1248 1333 1328 1373 mox
1349 1312 1435 1374 miti-

310 1415 460 1491 gantibus
488 1415 617 1491 amicis,
646 1415 703 1494 qui
731 1413 879 1475 altiorem
905 1413 1107 1475 iracundiam
1133 1413 1202 1473 eius
1222 1411 1434 1488 verebantur,

310 1511 394 1572 nihil
424 1512 502 1573 novi
533 1511 686 1572 accidisse
716 1511 899 1591 respondit,
932 1512 1019 1591 quod
1050 1510 1115 1572 duo
1147 1514 1309 1571 senatores
1338 1509 1372 1568 in
1401 1528 1435 1569 re
1455 1518 1485 1571 10

310 1608 442 1688 publica
462 1609 669 1670 dissentirent
676 1629 683 1686 ;
706 1608 839 1670 solitum
860 1629 894 1670 se
913 1610 1011 1670 etiam
1032 1609 1192 1669 Thraseae
1206 1606 1433 1668 contradicere.

243 1767 246 1772 ,
311 1706 448 1767 Inrisere
476 1707 621 1786 plerique
648 1706 877 1787 inpudentiam
903 1708 1150 1784 aemulationis;
1176 1706 1248 1767 aliis
1268 1706 1302 1767 id
1324 1706 1434 1785 ipsum

310 1804 474 1883 placebat,
503 1805 590 1884 quod
618 1806 782 1866 neminem
808 1826 848 1866 ex
870 1806 1150 1885 praepotentibus,
1179 1804 1234 1865 sed
1256 1804 1435 1865 Thraseam

311 1902 353 1962 ad
374 1902 539 1981 exemplar
560 1922 653 1964 verae
674 1903 792 1980 gloriae
813 1902 950 1981 legisset.

257 2012 297 2072 92
351 2000 584 2079 Praeposuerat
604 2001 814 2080 praetorianis
833 2001 1013 2062 Publilium
1029 2001 1185 2062 Sabinum
1200 2019 1220 2059 a
1233 2000 1435 2079 praefectura
1455 2009 1485 2061 15

312 2098 467 2174 cohortis,
488 2098 611 2160 Iulium
633 2099 795 2176 Priscum,
817 2099 897 2160 olim
918 2099 1148 2160 centurionem.
1171 2098 1298 2158 Priscus
1316 2097 1435 2157 Valen-

311 2196 368 2274 tis,
390 2196 528 2257 Sabinus
550 2197 706 2257 Caecinae
726 2196 829 2274 gratia
850 2196 1033 2275 pollebant,
1055 2196 1140 2257 inter
1157 2195 1318 2257 discordes
1334 2194 1434 2255 Vitel-

311 2293 355 2354 lio
392 2294 475 2354 nihil
514 2294 722 2355 auctoritatis
762 2294 877 2355 Munia
914 2294 1042 2373 imperii
1077 2294 1214 2355 Caecina
1245 2312 1282 2353 ao
1313 2292 1434 2353 Valens

311 2390 460 2469 obibant,
490 2392 568 2453 olim
596 2393 686 2454 anxii
711 2393 809 2471 odiis,
839 2413 923 2473 quae
943 2392 1029 2454 bello
1051 2398 1082 2454 et
1104 2392 1215 2452 castris
1235 2390 1320 2452 male
1343 2391 1435 2451 dissi·

310 2489 435 2550 mulata
463 2490 606 2569 pravitas
634 2491 812 2552 amicorum
842 2496 875 2552 et
902 2490 1041 2552 fecunda
1066 2489 1233 2567 gignendis
1253 2489 1434 2550 inimicitiis
1453 2497 1485 2551 20

311 2586 425 2648 civitas
453 2591 604 2666 auxerat,
633 2588 713 2649 dum
734 2588 861 2650 ambitu
883 2590 1040 2650 comitatu
1062 2594 1094 2649 et
1114 2588 1270 2649 inmensis
1291 2587 1434 2648 salutan-

310 2684 394 2745 tium
416 2686 598 2762 agminibus
621 2686 1152 2766 contenduntcomparanturque,
1175 2686 1271 2748 variis
1293 2686 1327 2745 in
1345 2685 1434 2745 hunc

310 2788 368 2843 aut
397 2783 492 2844 illum
522 2784 646 2845 Vitellii
673 2784 948 2847 inclinationibus.
982 2786 1047 2845 Nec
1075 2803 1233 2863 umquam
1262 2784 1340 2845 satis
1368 2783 1434 2843 fida

310 2882 471 2959 potentia,
508 2882 565 2942 ubi
597 2882 698 2942 nimia
730 2888 793 2960 est;
828 2883 928 2944 simul
959 2883 1067 2962 ipsum
1099 2881 1284 2959 Vitellium,
1316 2881 1433 2942 subitis

310 2980 440 3040 offensis
468 2985 525 3041 aut
552 2980 789 3059 intempestivis
816 2980 986 3042 blanditiis
1014 2980 1221 3057 mutabilem,
1250 2984 1434 3041 contemne
1451 2989 1485 3042 ‘25

309 3077 390 3138 bant
410 3077 670 3157 metuebantque.
693 3079 759 3139 Nec
780 3098 817 3140 eo
839 3079 967 3156 segnius
988 3078 1174 3139 invaserant
1195 3077 1308 3139 domos
1322 3077 1433 3139 hortos

310 3194 451 3254 opesque
472 3175 616 3254 imperii,
639 3196 714 3237 cum
735 3176 851 3237 flebilis
874 3180 906 3237 61
926 3195 1021 3253 egens
1043 3174 1203 3236 nobilium
1217 3176 1329 3252 turba,
1352 3194 1432 3254 quos

310 3273 397 3352 ipsos
428 3274 609 3353 liberosque
641 3275 763 3353 patriae
796 3275 901 3336 Galba
929 3274 1127 3350 reddiderat,
1159 3273 1250 3335 nulla
1277 3273 1433 3353 principis

310 3371 528 3432 misericordia
555 3373 752 3434 iuvarentur.
782 3374 920 3435 Gratum
948 3373 1143 3452 primoribus
1171 3372 1312 3435 civitatis
1334 3373 1433 3434 etiam

310 3470 401 3549 plebs
429 3470 637 3550 adprobavit,
670 3471 758 3550 quod
786 3472 920 3533 reversis
949 3471 989 3533 ab
1018 3471 1115 3533 exilio
1144 3472 1215 3532 11110
1242 3470 1432 3532 libertorum
1451 3480 1485 3534 30

309 3568 532 3645 concessisset,
559 3587 760 3648 quamquam
781 3570 815 3629 id
836 3570 925 3630 omni
947 3569 1045 3630 modo
1067 3569 1196 3631 servilia
1216 3569 1345 3646 ingenia
1366 3588 1433 3629 cor-

309 3667 519 3745 rumpebant,
558 3666 676 3727 abditis
713 3667 860 3746 pecuniis
895 3687 951 3746 per
982 3667 1124 3728 occultos
1156 3671 1214 3728 aut
1245 3666 1432 3727 ambitiosos

345 3889 369 3941 2.
390 3890 507 3956 populari
518 3907 579 3957 aspa
589 3891 728 3942 uirtutibus
737 3892 767 3942 F.
788 3920 820 3929 -
831 3892 856 3944 3.
877 3892 999 3968 memorie
1009 3892 1039 3943 F.
1060 3923 1093 3929 —
1104 3894 1128 3945 ι’).
1147 3894 1343 3946 consularentur
1353 3892 1384 3943 F.
1399 3922 1431 3929 -

311 3981 351 4030 14.
371 3981 476 4045 exoplar
495 3998 523 4031 01·
541 3981 621 4046 explir
639 3998 700 4031 corr.
720 3981 794 4031 F-
817 3982 858 4032 la.
878 3981 1018 4032 Publilium
1039 3981 1159 4048 Holmoj.
1173 3982 1225 4032 ΙΙΙ.
1246 3982 1295 4046 36;
1315 3982 1377 4033 PF.
1399 4011 1431 4018 —

308 4085 324 4118 a
342 4068 451 4119 Mercier
470 4069 502 4120 ad
521 4070 552 4120 F.
582 4098 613 4106 -
637 4070 677 4122 111.
703 4070 764 4120 011111
784 4070 961 4121 centurionem
980 4071 1070 4137 aon'psr'
1088 4071 1150 4121 olim
1168 4071 1332 4123 centuriones
1350 4070 1379 4122 b·“
1397 4070 1432 4120 dir

306 4158 425 4208 centurio
442 4164 457 4208 0
476 4159 499 4209 F
518 4166 573 4208 turn
592 4159 767 4209 centurionem
787 4160 855 4210 editt.
875 4177 930 4209 011111
948 4159 1047 4226 Lipaio.
