3409 4909
317 452 375 513 152
742 471 1015 514 consummem
1288 458 1321 525 (a.
1343 474 1369 507 u.
1389 455 1440 510 822
1480 436 1484 442 ’

315 658 391 699 men
412 638 533 716 adiere,
554 645 748 719 aspernante
769 639 873 701 milite
894 640 1097 701 condiciones
1119 641 1217 720 pacis.
1244 641 1442 703 Volneratur

315 742 442 815 praetor
469 736 632 799 Arulenus
660 737 828 798 Rusticus:
858 737 951 798 auxit
978 737 1136 799 invidiam
1161 758 1258 819 super
1279 739 1439 801 violatum

314 835 410 912 legati
438 836 658 915 praetorisque
685 855 805 896 nomen
831 835 963 915 propria
991 835 1135 913 dignatio
1162 836 1233 898 viri.
1263 836 1441 897 Pulsantur

315 935 463 1011 comites,
486 933 643 995 occiditur
664 934 832 1013 proximus
853 932 962 1011 lictor,
984 932 1147 994 dimovere
1169 933 1300 995 turbam
1322 952 1438 1011 ausus;

314 1036 346 1092 et
373 1032 407 1091 ni
435 1032 510 1094 dato
539 1052 558 1092 a
586 1032 667 1092 duce
695 1030 856 1110 praesidio
885 1030 1008 1092 defensi
1036 1030 1156 1109 forent,
1184 1050 1313 1092 sacrum
1339 1032 1469 1096 etiams

313 1129 397 1189 inter
422 1134 547 1190 exteras
574 1135 683 1206 gentes
705 1128 883 1206 legatorum
905 1129 955 1189 ius
977 1134 1052 1190 ante
1073 1129 1144 1208 ipsa
1164 1129 1288 1208 patriae
1309 1130 1439 1190 moenia

313 1227 417 1287 civilis
432 1227 535 1288 rabies
550 1247 652 1305 usque
666 1228 701 1287 in
715 1228 852 1288 exitium
869 1232 1064 1289 temerasset.
1086 1227 1304 1307 Aequioribus
1320 1227 1438 1288 animis

313 1325 436 1404 accepti
463 1331 555 1403 sunt,
584 1326 641 1405 qui
669 1325 711 1386 ad
739 1326 920 1387 Antonium
942 1330 1113 1394 venerant.
1142 1345 1207 1386 non
1230 1326 1308 1403 quia
1329 1325 1438 1387 mode

259 1422 295 1483 81
313 1423 390 1484 stior
419 1424 527 1500 miles,
555 1423 611 1484 sed
640 1424 715 1484 duci
739 1423 813 1503 plus
834 1423 1045 1485 auctoritatis.
1074 1424 1248 1484 Miscuerat
1269 1442 1302 1484 se
1324 1423 1438 1500 legatis

313 1520 484 1581 Musonius
505 1520 626 1598 Rufus,
647 1522 805 1599 equestris
826 1521 964 1598 ordinis,
987 1520 1132 1582 studium
1155 1520 1386 1600 philosophiae
1407 1527 1439 1581 et
1457 1532 1485 1586 10

312 1618 432 1696 placita
453 1618 633 1679 Stoicorum
655 1618 853 1697 aemulatus,
876 1618 1110 1699 coeptabatque
1132 1618 1314 1697 permixtus
1335 1618 1440 1679 mani-

311 1715 398 1794 pulis
435 1715 521 1776 bona
561 1716 650 1795 pacis
688 1736 725 1776 ac
763 1716 840 1777 belli
878 1715 1065 1777 discrimina
1104 1716 1262 1778 disserens
1293 1721 1439 1778 armatos

311 1833 449 1874 monere.
472 1814 511 1874 ld
533 1814 694 1894 plerisque
715 1814 873 1893 ludibrio,
895 1814 1044 1894 pluribus
1063 1815 1187 1892 taedio;
1209 1834 1268 1876 nec
1286 1814 1440 1892 deerant,

311 1912 368 1990 qui
389 1912 605 1991 propellerent
625 1913 930 1991 proculcarentque,
955 1913 990 1972 ni
1012 1912 1183 1974 admonitu
1203 1911 1442 1973 modestissimi

311 2010 467 2089 cuiusque
507 2016 538 2072 et
583 2010 654 2071 aliis
697 2010 926 2071 minitantibus
969 2011 1131 2071 omisisset
1171 2010 1441 2089 intempestivam
1461 2023 1489 2076 15

311 2107 512 2186 sapientiam.
542 2107 664 2169 Obviae
692 2107 780 2169 fuere
808 2113 840 2168 et
861 2108 1000 2185 virgines
1022 2108 1168 2169 Vestales
1191 2127 1265 2169 cum
1287 2108 1442 2187 epistulis

311 2205 434 2266 Vitellii
472 2205 513 2265 ad
551 2206 732 2266 Antonium
764 2206 907 2284 scriptis:
947 2206 1047 2266 eximi
1078 2224 1228 2285 supremo
1261 2206 1442 2268 certamine

310 2322 413 2363 unum
445 2302 531 2363 diem
563 2302 762 2381 postulabat;
803 2304 831 2363 si
862 2323 987 2364 moram
1019 2303 1268 2380 interiecissent,
1309 2303 1442 2372 facilius

310 2400 420 2461 omnia
448 2405 654 2460 conventura.
683 2400 831 2476 Virgines
860 2420 935 2460 cum
963 2400 1084 2462 honore
1106 2400 1273 2477 dimissae3
1302 2401 1442 2464 Vitellio

310 2498 500 2576 rescriptum
529 2496 640 2557 Sabini
668 2496 764 2557 caede
789 2503 821 2558 et
841 2497 991 2558 incendio
1014 2497 1155 2577 Capitoli
1175 2497 1338 2577 dirempta
1359 2499 1442 2561 belli
1459 2511 1492 2567 20

311 2595 510 2655 commercia.

256 2702 295 2763 82
350 2692 536 2771 Temptavit
557 2697 666 2753 tamen
688 2692 850 2753 Antonius
872 2696 1002 2753 vocatas
1024 2692 1064 2752 ad
1087 2693 1271 2753 contionem
1291 2692 1440 2771 legiones

311 2790 472 2867 mitigare,
501 2794 538 2850 ut
565 2789 676 2850 castris
704 2789 796 2849 iuxta
824 2794 957 2867 pontem
984 2789 1147 2850 Mulvium
1169 2789 1283 2868 positis
1304 2795 1440 2868 postera

309 2886 361 2947 die
398 2874 512 2947 urbem
546 2886 796 2963 ingrederentur.
835 2886 930 2947 Ratio
962 2886 1153 2964 cunctandi,
1193 2906 1233 2947 ne
1264 2892 1439 2966 asperatus

309 2985 430 3062 proelio
457 2985 550 3045 miles
574 3004 639 3044 non
660 2984 798 3063 popule,
826 3003 892 3043 non
914 2984 1056 3062 senatui,
1085 3003 1125 3043 ne
1146 2984 1278 3063 templis
1300 2984 1439 3062 quidem
1456 3000 1490 3055 25

309 3102 346 3143 ac
374 3081 515 3143 delubris
544 3081 677 3143 deorum
703 3081 892 3143 consuleret.
921 3080 983 3142 Sed
1005 3101 1136 3142 omnem
1157 3080 1376 3161 prolationem
1401 3089 1439 3144 ut

308 3180 474 3240 inimicam
503 3180 654 3240 victoriae
682 3178 927 3258 suspectabant3
957 3178 1056 3239 simul
1077 3178 1234 3256 fulgentia
1256 3198 1314 3257 per
1335 3180 1437 3242 colles

307 3277 442 3353 vexilla,
481 3296 681 3356 quamquam
718 3276 846 3338 inbellis
877 3276 1019 3356 populus
1050 3281 1252 3356 sequeretur,
1292 3277 1438 3356 speciem

307 3374 434 3436 hostilis
455 3375 613 3437 exercitus
635 3375 783 3436 fecerant.
813 3375 986 3454 Tripertito
1008 3376 1134 3453 agmine
1156 3394 1247 3455 pars,
1276 3380 1314 3436 ut
1335 3377 1438 3438 adsti-

306 3478 404 3547 terat,
433 3473 595 3534 Flaminia
617 3474 685 3550 via,
714 3492 788 3552 pars
809 3473 903 3534 iuxta
924 3473 1028 3552 ripam
1050 3473 1174 3534 Tiberis
1195 3472 1328 3534 incessit
1335 3493 1343 3551 ;
1373 3478 1437 3536 ter·
1455 3490 1491 3545 30

305 3570 390 3629 tium
428 3590 542 3646 agmen
580 3590 637 3648 per
671 3570 829 3630 Salariam
861 3570 1006 3631 Collinae
1038 3575 1149 3650 portae
1181 3571 1437 3651 propinquabat.

421 3836 439 3877 tr

344 3900 367 3949 1.
391 3898 494 3949 bdiones
512 3899 542 3949 F.
568 3929 600 3935 —
620 3898 644 3949 9.
665 3899 796 3950 arulenius
815 3898 845 3949 F.
867 3929 898 3935 —
920 3900 943 3951 3.
964 3900 1100 3965 pulsantur
1118 3898 1249 3966 Kicssliap
1268 3899 1394 3965 palantur
1413 3900 1435 3951 F

306 3986 439 4051 pelluntur
459 3987 479 4037 t.
501 4017 533 4024 -
553 3987 577 4040 6.
603 3988 635 4037 In
652 4006 701 4054 pro
718 3989 787 4038 inter
804 3988 834 4038 F.
857 4017 888 4023 —
911 3989 951 4039 17.
972 3975 1063 4051 suf—mio
1082 3989 1111 4054 cf.
1136 3986 1230 4040 14929
1249 3988 1394 4041 certamine
1412 3990 1435 4041 F

305 4076 440 4126 certamini
457 4077 543 4143 culpo.
570 4107 603 4113 —
625 4076 665 4128 18.
686 4063 916 4127 Intlecissecissent
935 4077 965 4128 F.
986 4106 1019 4114 —
1038 4075 1081 4130 ⁴20.
1101 4076 1202 4142 direpta
1219 4076 1433 4142 ch.149.9.-

306 4163 349 4216 23.
369 4165 451 4215 mului
470 4165 499 4215 F.
521 4195 553 4201 —
573 4166 616 4216 ⁶24.
637 4164 738 4216 dieF1.
759 4194 791 4202 -
811 4164 854 4219 29.
875 4165 1011 4217 adsisterat
1030 4166 1052 4217 F
1071 4171 1100 4231 ct.
1123 4167 1181 4217 141.
1201 4164 1231 4230 2,
1251 4166 1276 4217 4.
