3409 4909
318 447 357 511 74
745 466 886 510 connum
908 466 1018 510 rlcrrr
1286 454 1320 517 (a.
1340 470 1365 504 u.
1385 452 1438 505 822

318 634 464 696 Valentis
493 654 619 714 pugnae
648 636 776 712 signum
801 641 832 697 et
854 634 990 697 militem
1012 636 1047 696 in
1068 637 1165 697 armis
1187 637 1320 701 invenit.
1350 639 1439 699 Dum

317 731 458 809 legiones
480 732 520 793 de
541 732 652 794 ordine
674 733 810 810 agminis
832 734 1027 809 sortiuntur,
1051 735 1175 813 equites
1195 755 1384 815 prorupere;
1408 741 1440 797 et

317 831 453 908 <mirum
481 831 584 909 dictu)
613 850 632 891 a
655 831 861 910 paucioribus
884 832 1076 894 Othonianis
1097 852 1162 912 quo
1183 834 1292 895 minus
1314 834 1348 893 in
1370 834 1439 895 val-

317 928 387 988 lum
416 929 673 1008 inpingerentur,
703 929 836 991 Italicae
863 929 997 1007 legionis
1027 931 1145 991 virtute
1174 930 1317 992 deterriti
1345 936 1438 993 sunt:

318 1046 356 1087 ca
386 1026 504 1088 strictis
536 1027 745 1088 mucronibus
775 1026 878 1088 redire
906 1027 1017 1106 pulsos
1046 1036 1077 1089 et
1105 1048 1250 1108 pugnam
1277 1043 1475 1095 resumeret

318 1124 429 1201 codgit.
458 1125 622 1204 Disposita
646 1124 895 1186 Vitellianarum
917 1126 1080 1203 legionum
1102 1126 1185 1187 acies
1207 1126 1276 1187 sine
1297 1127 1438 1205 trepida-

317 1222 420 1282 tione:
449 1223 585 1300 etenim,
616 1241 816 1301 quamquam
838 1224 944 1284 vicino
965 1222 1073 1300 hoste,
1102 1229 1251 1303 aspectus
1273 1244 1439 1285 armorum

318 1320 425 1381 densis
446 1319 584 1381 arbustis
605 1319 845 1399 prohibebatur.
869 1320 966 1400 Apud
982 1321 1182 1408 Othonianos
1197 1322 1308 1401 pavidi
1323 1322 1438 1400 duces,

317 1417 410 1479 miles
432 1416 569 1479 ducibus
590 1417 750 1493 infensus,
772 1419 876 1479 mixta
897 1418 1047 1479 vehicula
1064 1424 1093 1480 et
1109 1418 1194 1481 lixae
1210 1424 1241 1481 et
1256 1421 1439 1499 praeruptis

318 1516 482 1595 utrimque
509 1515 602 1577 fossis
623 1516 677 1576 via
697 1516 806 1595 quieto
828 1535 956 1595 quoque
978 1516 1100 1593 agmini
1121 1522 1266 1595 angusta.
1295 1518 1493 1583 Circum-10

318 1613 429 1674 sistere
450 1614 506 1674 alii
527 1614 618 1691 signa
638 1632 712 1692 sua,
735 1633 886 1693 quaerere
908 1614 978 1691 alii;
1001 1614 1142 1676 incertus
1157 1614 1301 1695 undique
1318 1615 1440 1677 clamor

318 1711 574 1789 adcurrentium,
598 1716 620 1761 ÷
637 1712 849 1773 clamantium
857 1732 865 1788 ;
883 1717 922 1773 ut
936 1713 1052 1792 cuique
1067 1712 1203 1774 audacia
1217 1714 1269 1775 vel
1282 1714 1438 1792 formido,

315 1811 353 1871 in
383 1811 523 1890 primam
554 1814 792 1890 postremamve
823 1812 925 1871 aciem
952 1811 1207 1891 prorumpebant
1235 1816 1292 1873 aut
1319 1812 1439 1873 relaba·
1473 1839 1482 1854 r

264 1907 304 1967 42
318 1907 445 1970 bantur.
474 1909 639 1970 Attonitas
667 1908 774 1969 subito
801 1913 920 1970 terrore
942 1912 1066 1969 mentes
1087 1908 1205 1970 falsum
1226 1908 1382 1987 gaudium
1403 1910 1439 1970 in

317 2006 505 2084 languorem
520 2008 631 2086 vertit,
652 2007 800 2086 repertis,
822 2007 881 2086 qui
895 2006 1066 2086 descivisse
1080 2027 1100 2067 a
1113 2007 1245 2069 Vitellio
1260 2008 1439 2090 exercitum
1460 2020 1491 2072 15

318 2105 558 2166 ementirentur.
587 2105 619 2165 Is
647 2124 757 2167 rumor
783 2105 824 2166 ab
849 2104 1106 2184 exploratoribus
1128 2105 1252 2167 Vitellii
1274 2105 1438 2185 dispersus

319 2222 361 2263 an
381 2202 415 2262 in
436 2202 507 2281 ipsa
528 2202 665 2264 Othonis
680 2207 770 2282 parte
784 2222 841 2263 seu
856 2202 931 2263 dolo
946 2222 1002 2264 seu
1017 2201 1097 2263 forte
1112 2202 1299 2279 surrexerit,
1322 2223 1438 2281 parum

318 2304 529 2377 compertum.
558 2300 685 2361 Omisso
713 2319 840 2379 pugnae
868 2299 979 2361 ardore
1008 2300 1185 2361 Othoniani
1212 2300 1297 2362 ultro
1320 2301 1439 2362 saluta-

318 2416 406 2474 vere3
429 2404 461 2457 et
481 2397 592 2459 hostili
613 2417 779 2459 murmure
800 2397 943 2477 excepti,
965 2397 1126 2477 plerisque
1149 2417 1282 2459 suorum
1303 2399 1438 2477 ignaris,

318 2513 400 2574 quae
422 2514 520 2556 causa
541 2494 720 2574 salutandi,
745 2500 871 2556 metum
892 2496 1084 2575 proditionis
1105 2496 1215 2558 secere.
1244 2496 1328 2557 Tum
1349 2497 1439 2558 incu-
1457 2507 1491 2562 20

317 2592 389 2654 burt
419 2592 563 2655 hostium
595 2594 694 2672 acies,
725 2593 857 2670 integris
887 2591 1070 2668 ordinibus,
1103 2593 1215 2655 robore
1244 2599 1275 2655 et
1302 2613 1439 2655 numero

317 2693 539 2771 praestantior.
567 2691 757 2769 Othoniani,
779 2710 978 2771 quamquam
1002 2691 1137 2770 dispcrsi
1158 2692 1325 2771 pauciores
1346 2691 1438 2769 fessi,

318 2789 477 2868 proelium
498 2795 608 2851 tamen
630 2791 744 2851 acriter
764 2808 938 2868 sumpsere.
964 2789 1007 2849 Et
1027 2808 1083 2868 per
1104 2789 1191 2850 locos
1212 2788 1380 2851 arboribus
1401 2809 1438 2850 ac

318 2889 421 2950 vineis
444 2887 606 2968 inpeditos
627 2908 693 2950 non
713 2908 780 2949 una
800 2887 1062 2967 pugnaefacies:
1091 2887 1273 2949 cornminus
1294 2888 1437 2967 eminus,

317 2987 453 3047 catervis
475 2992 507 3047 et
527 2987 637 3047 cuneis
658 2986 899 3047 concurrebant.
921 2986 962 3046 In
982 3004 1093 3063 aggere
1108 2983 1322 3050 viacconlato
1337 2984 1439 3063 gradu
1456 2997 1490 3051 25

318 3084 504 3164 corporibus
532 3090 564 3146 et
588 3084 786 3145 umbonibus
807 3084 884 3162 niti,
913 3083 1032 3145 omisso
1053 3083 1195 3162 pilorum
1215 3083 1302 3144 iactu
1323 3082 1438 3160 gladiis

318 3185 350 3242 et
377 3181 541 3242 securibus
569 3180 675 3260 galeas
702 3182 882 3261 loricasque
909 3199 1132 3261 perrumpere:
1160 3185 1327 3242 noscentes
1355 3181 1439 3241 inter

353 3459 377 3511 3.
397 3459 467 3511 dictu
485 3458 567 3525 Flos.
588 3456 674 3511 73.12.
695 3488 727 3496 —
747 3461 771 3511 5.
788 3441 818 3510 ea
837 3458 932 3510 strictis
950 3459 1032 3509 Rhea.
1052 3465 1078 3509 et
1096 3457 1206 3509 astrictis
1224 3458 1308 3509 Fc-
1328 3459 1352 3511 6.
1372 3459 1438 3510 acies

316 3618 402 3668 margo
426 3600 453 3665 b,
482 3600 555 3668 Lipa.
580 3608 636 3651 arte
659 3601 689 3652 F.
719 3630 752 3637 —
779 3600 819 3654 lO.
845 3564 1043 3674 agminhngusta
1068 3600 1098 3651 F.
1126 3630 1158 3639 -
1186 3600 1227 3652 12.
1252 3600 1392 3651 clamantia
1415 3600 1438 3651 F

317 3691 391 3741 initio
410 3708 510 3754 aaran,
529 3691 555 3742 la
574 3690 663 3741 leuiter
680 3690 809 3741 inductam
827 3696 862 3740 eat
880 3697 903 3741 ct
920 3692 949 3740 ia
967 3708 1014 3758 mg.
1032 3697 1210 3741 armamenta
1228 3689 1380 3757 udandptam
1395 3706 1437 3740 uo.

322 3780 409 3832 Voluit
436 3787 569 3831 censetor:
598 3780 753 3831 uocantium.
788 3779 957 3830 uocitantium
984 3778 1098 3829 Platean
1126 3778 1290 3830 uolitantium
1315 3778 1438 3846 Agricola

317 3921 461 3987 palantium
484 3922 526 3972 uel
549 3886 724 3973 occrlsantium
749 3921 840 3972 Ritter.
870 3952 902 3958 —
930 3922 970 3974 15.
1000 3920 1078 3986 quide
1102 3920 1166 3972 ciuis
1190 3938 1216 3972 se
1240 3919 1275 3972 Fl
1299 3924 1321 3986 (s
1342 3927 1400 3987 post
1423 3926 1437 3970 a

318 4080 407 4131 addita
431 4081 483 4145 est).
508 4108 545 4120 -
571 4079 611 4133 18.
637 4080 729 4131 amisse
753 4081 783 4132 F.
810 4109 843 4118 -
862 4080 905 4134 20.
929 4017 1055 4150 Incubuit
1075 4082 1097 4131 F
1117 4082 1138 4149 (t
1156 4081 1214 4132 add.
1234 4099 1266 4131 m.
1285 4078 1315 4145 ²).
1341 4109 1375 4117 -
1394 4078 1436 4132 27.

317 4168 418 4236 gladiis]
438 4169 534 4234 cladib;
555 4170 627 4237 (corr.
646 4186 660 4220 c
677 4170 706 4219 in
724 4168 750 4235 g]
769 4169 800 4220 F.
