3409 4909
305 470 330 520 p.
351 452 397 505 Ch.
418 454 463 515 69)
644 470 872 513 Hrsronraauu
893 452 937 513 II.
960 451 1087 515 33-37.
1385 450 1422 513 71

304 639 399 717 bant,
424 641 463 700 ut
483 643 672 717 augescente
692 638 827 699 flumine
847 638 1024 700 inoffensus
1046 637 1123 700 ordo
1145 638 1279 699 navium
1301 636 1424 699 attolle·
1486 659 1488 663 ⁴

304 741 407 798 retur:
446 736 618 798 claudebat
654 741 788 817 pontem
818 736 960 816 inposita
991 736 1087 797 turris
1118 740 1150 797 et
1180 736 1214 796 in
1245 739 1423 797 extremam

304 854 423 896 navem
450 833 582 912 educta,
610 834 698 895 unde
722 835 891 896 tormentis
920 854 956 896 ac
983 833 1143 895 machinis
1164 832 1272 894 hostes
1294 830 1423 911 propul-

305 938 460 994 sarentur.
493 932 669 994 Othoniani
699 933 732 993 in
764 933 836 1012 ripa
865 933 982 993 turrim
1009 936 1194 992 struxerant
1221 949 1364 1009 saxaque
1392 935 1424 991 et

269 1029 389 1096 nfaces
420 1029 653 1091 iaculabantur.
684 1031 727 1091 Et
754 1034 822 1091 erat
848 1029 956 1090 insula
984 1035 1078 1091 amne
1105 1029 1229 1107 medio,
1261 1028 1295 1089 in
1324 1048 1424 1108 quam
1438 1027 1476 1089 35

305 1126 496 1205 gladiatores
510 1127 648 1189 navibus
663 1127 832 1189 molientes
847 1126 1001 1189 Germani
1015 1126 1123 1188 nando
1138 1126 1423 1206 praelabebantur3

306 1244 342 1286 ac
369 1225 451 1287 forte
478 1225 587 1304 plures
614 1230 826 1302 tramgressos
850 1224 1020 1305 completis
1041 1224 1221 1285 Liburnicis
1242 1243 1298 1304 per
1318 1242 1424 1303 prom-

305 1322 470 1402 ptissimos
497 1322 710 1401 gladiatorum
734 1322 840 1383 Macer
862 1321 1055 1399 adgreditur.
1084 1321 1146 1383 Sed
1167 1340 1270 1400 neque
1293 1340 1330 1383 ea
1351 1340 1424 1382 con-

305 1420 424 1481 stantia
444 1414 740 1498 gladiatoribus'ad
760 1420 899 1500 proelia,
923 1439 1005 1499 quae
1019 1420 1195 1497 militibus,
1217 1438 1275 1480 nec
1290 1418 1424 1498 proinde

255 1532 287 1587 10
305 1523 457 1580 nutantes
485 1538 502 1579 e
526 1518 664 1579 navibus
685 1538 785 1598 quam
805 1517 915 1579 stabili
935 1517 1037 1595 gradu
1058 1538 1075 1579 e
1097 1517 1167 1596 ripa
1188 1515 1320 1578 volnera
1342 1516 1424 1577 deri-

305 1615 439 1693 gebant3
471 1621 503 1676 et
533 1635 608 1677 cum
639 1616 736 1678 variis
765 1615 1001 1695 trepidantium
1032 1614 1298 1676 inclinationibus
1328 1614 1424 1674 mixti

305 1714 440 1791 remiges
461 1719 779 1794 propugnatoresque
799 1714 1021 1792 turbarentur,
1044 1712 1171 1774 desilire
1192 1712 1225 1773 in
1240 1711 1325 1772 vada
1339 1709 1424 1773 ultro

306 1810 475 1889 Germani,
506 1816 664 1873 retentare
692 1831 835 1892 puppes,
866 1811 1018 1873 scandere
1045 1810 1129 1872 foros
1158 1815 1214 1871 aut
1242 1808 1423 1871 cornminus

304 1928 454 1986 mergere.
484 1909 574 1980 Ouae
601 1914 718 1970 cuncta
744 1911 780 1970 in
808 1909 909 1970 oculis
930 1909 1100 1988 utriusque
1121 1908 1278 1970 exercitus
1301 1912 1423 1987 quanto

255 2024 286 2076 15
304 2006 439 2068 laetiora
470 2006 668 2085 Vitellianis,
700 2012 790 2069 tanto
821 2007 926 2068 acrius
955 2006 1131 2068 Othoniani
1158 2024 1288 2066 causam
1316 2010 1424 2066 aucto-

304 2124 438 2185 remque
458 2104 560 2167 cladis
581 2104 831 2167 detestabantur.
853 2105 896 2165 ut
918 2103 1076 2184 proelium
1095 2103 1242 2183 quidem,
1266 2102 1421 2181 abreptis,
1437 2115 1476 2176 36

305 2221 388 2281 quae
409 2208 613 2281 supererant,
634 2203 788 2281 navibuS,
810 2202 886 2281 fuga
906 2203 1120 2282 diremptum:
1141 2202 1248 2262 Macer
1263 2200 1343 2279 <ad>
1359 2200 1424 2261 exi·

304 2300 389 2360 tium
413 2301 620 2379 poscebatur3
648 2302 779 2381 iamque
801 2301 1004 2362 volneratum
1026 2300 1152 2361 eminus
1174 2300 1285 2360 lancea
1306 2298 1423 2359 strictis

304 2397 420 2475 gladiis
442 2398 642 2476 invaserant,
665 2417 740 2460 cum
760 2399 942 2460 intercursu
962 2398 1167 2459 tribunorum
1185 2397 1424 2457 centurionum-

250 2512 287 2566 20
305 2514 368 2574 que
395 2496 582 2575 protegitur.
613 2496 679 2558 Nec
707 2496 811 2558 multo
838 2501 914 2576 post
940 2496 1116 2557 Vestricius
1144 2494 1307 2573 Spurinna
1333 2494 1424 2555 iussu

305 2592 459 2671 Othonis,
480 2592 591 2654 relicto
613 2593 794 2654 Placentiae
809 2592 936 2654 modico
951 2592 1126 2673 praesidio,
1149 2611 1223 2652 cum
1239 2591 1424 2652 cohortibus

305 2690 465 2761 subvenit.
504 2691 587 2753 Dein
618 2691 769 2752 Flavium
801 2690 974 2763 Sabinum,
1007 2689 1172 2751 consulem
1204 2687 1423 2766 designatum,

306 2787 391 2849 Otho
419 2793 574 2849 rectorem
596 2788 696 2867 copiis
717 2787 822 2865 misit,
850 2788 968 2867 quibus
990 2788 1098 2849 Macer
1117 2785 1313 2867 praefuerat,
1339 2786 1424 2848 laeto

305 2885 408 2947 milite
441 2889 502 2964 [et]
534 2885 576 2947 ad
606 2886 820 2947 mutationem
851 2885 973 2947 ducum
1004 2890 1036 2946 et
1067 2885 1203 2946 ducibus
1230 2884 1270 2945 ob
1299 2884 1423 2945 crebras

249 3000 286 3053 25
304 2983 478 3045 seditiones
499 2992 568 3044 tam
589 2983 739 3044 infestam
759 2983 913 3044 militiam
934 2982 1189 3062 aspernantibus.

346 3081 482 3142 Invenio
511 3080 599 3160 apud
627 3081 786 3161 quosdam
812 3087 957 3143 auctores
978 3100 1096 3161 pavore
1117 3079 1195 3141 belli
1216 3099 1272 3141 seu
1293 3078 1423 3141 fastidio
1438 3096 1475 3159 37

305 3177 475 3258 utriusque
496 3178 666 3259 principiS,
689 3198 828 3258 quorum
849 3177 972 3255 flagitia
993 3196 1029 3237 ac
1051 3176 1189 3238 dedecus
1212 3175 1368 3255 apertiore
1389 3175 1423 3235 in

305 3275 374 3337 dies
411 3275 498 3336 fama
532 3276 761 3354 noscebantur,
800 3275 965 3337 dubitasse
996 3275 1169 3349 exercitus,
1208 3292 1288 3333 num
1319 3272 1424 3352 posito

305 3374 480 3435 certamine
507 3374 560 3436 vel
587 3374 649 3453 ipsi
674 3375 708 3434 in
729 3374 875 3435 medium
896 3371 1115 3434 consultarent
1136 3371 1187 3431 vel
1209 3370 1335 3431 senatui
1356 3389 1424 3448 per-

250 3490 287 3545 30
305 3472 472 3533 mitterent
500 3471 603 3549 legere
633 3472 876 3551 imperatorem,
908 3475 1005 3550 atque
1033 3489 1070 3531 eo
1099 3469 1195 3530 duces
1224 3466 1424 3528 Othonianos

306 3568 450 3647 spatium
480 3586 517 3629 ac
547 3587 654 3630 moras
686 3568 839 3646 suasisse,
871 3567 1044 3648 praecipua
1076 3586 1132 3646 spe
1161 3565 1304 3641 Paulini,
1337 3564 1424 3644 quod

342 3758 367 3810 a.
392 3739 500 3824 proinde
524 3758 554 3809 s.
580 3758 687 3824 penna
708 3758 762 3808 aas.
781 3776 831 3824 aq.
851 3758 880 3823 cs.
901 3775 926 3823 p.
947 3756 1039 3819 oceo,
1066 3756 1152 3808 van.
1179 3785 1212 3792 -
1234 3754 1274 3808 ro.
1300 3753 1425 3805 stanna

305 3846 409 3897 stabiles
427 3846 507 3914 Nipp.
528 3876 561 3884 -
583 3848 623 3898 11.
640 3854 696 3898 turn
714 3846 745 3897 F.
766 3876 790 3883 -
820 3847 861 3900 16.
881 3846 993 3912 abreptis
1015 3844 1092 3897 Gran.
1112 3844 1224 3910 arruptis
1243 3844 1265 3894 F
1283 3844 1376 3910 cfiIV.
1390 3841 1423 3894 27

305 3996 330 4039 et
348 3988 382 4041 V.
399 3986 436 4041 22
455 3988 489 4039 ad
507 3989 577 4040 οπιίε.
598 3990 628 4041 F.
650 4019 683 4027 —
697 3988 744 4042 23.
769 3934 920 4061 prelluerit
937 3988 968 4039 F.
990 4018 1022 4024 -
1041 3986 1083 4038 24.
1100 3994 1158 4054 port
1172 3985 1252 4037 milite
1261 3993 1299 4037 et:
1320 3984 1425 4055 <mode-

298 4077 402 4147 sucre>
421 4078 510 4129 imerii
528 4077 649 4128 Heraeus
666 4078 705 4128 cll.
719 4077 768 4129 IV.
784 4076 816 4129 72
830 4076 911 4127 milite
924 4076 956 4126 ad
968 4075 1049 4143 Nipp.
1069 4075 1158 4127 Halm.
1179 4104 1212 4112 -
1225 4075 1267 4127 31.
1287 4074 1425 4140 praecipua

306 4179 351 4235 spe
369 4168 512 4235 Bipcntina
530 4167 681 4233 praecipuas
699 4166 729 4218 F.
