3409 4909
274 499 301 548 p.
321 480 368 532 Ch.
389 481 433 548 69)
616 498 845 541 rrrsronmnun
867 481 911 541 ΙΙ.
934 479 1061 540 94-99.
1277 442 1279 446 7
1341 480 1398 540 103

274 670 432 741 sectatus,
455 686 474 725 a
494 666 612 745 quibus
633 666 732 727 falsos
753 685 898 727 rumores
920 665 1074 745 dispergi3
1098 686 1156 727 nec
1175 665 1280 727 ullum
1295 665 1399 727 civilis

273 762 353 824 belli
382 767 506 824 metum
533 764 759 842 adseverabat,
789 783 961 844 suppresso
990 764 1183 843 Vespasiani
1210 764 1341 825 nomine
1368 769 1401 825 et

274 862 366 939 vagis
394 877 450 940 per
471 862 583 922 urbem
605 862 780 939 militibus,
811 862 868 941 qui
889 881 1052 922 sermones
1073 861 1187 941 populi
1209 866 1398 923 dotrcerent.

275 959 316 1019 Id
354 960 564 1039 praecipuum
596 960 790 1021 alimentum
821 960 926 1021 famae
958 964 1034 1021 erat.
1075 959 1209 1021 Auxilia
1240 965 1350 1021 tamen
1382 960 1453 1026 e97

239 1056 451 1124 5Germania
487 1057 719 1136 Britanniaque
757 1062 789 1118 et
825 1056 994 1135 Hispaniis
1025 1057 1161 1134 excivit,
1201 1058 1338 1135 segniter
1369 1062 1401 1118 et

275 1154 501 1215 necessitatem
528 1154 745 1215 dissimulans.
776 1153 911 1215 Perinde
936 1154 1032 1232 legati
1053 1154 1303 1234 provinciaeque
1324 1174 1400 1216 cun-

276 1251 464 1329 ctabantur,
486 1251 692 1313 Hordeonius
713 1253 848 1313 Flaccus
870 1252 1026 1332 suspectis
1048 1252 1114 1311 iam
1136 1252 1268 1314 Batavis
1284 1252 1400 1313 anxius

277 1350 408 1429 proprio
435 1349 537 1426 bello,
566 1351 693 1411 Vettius
722 1349 864 1411 Bolanus
893 1369 1074 1429 numquam
1102 1350 1179 1411 satis
1201 1351 1311 1429 quieta
1333 1351 1399 1411 Bri-

276 1447 390 1508 tannia
411 1453 443 1509 et
460 1453 595 1527 uterque
610 1448 762 1525 ambigui.
785 1449 896 1528 Neque
912 1468 953 1509 ex
967 1448 1136 1528 Hispaniis
1151 1449 1400 1528 properabatur,

223 1559 258 1613 10
277 1544 369 1607 nullo
396 1550 468 1607 tum
496 1545 542 1605 ibi
564 1545 742 1607 consulari:
771 1547 870 1607 trium
892 1545 1056 1623 legionum
1077 1545 1189 1624 legati,
1219 1566 1310 1625 pares
1332 1547 1401 1606 iure

278 1648 311 1704 et
331 1644 492 1723 prosperis
514 1643 638 1704 Vitellii
659 1643 754 1704 rebus
777 1643 928 1705 certaturi
944 1643 986 1703 ad
1001 1643 1208 1723 obsequium,
1231 1643 1400 1704 adversam

278 1741 347 1801 eius
369 1740 534 1802 fortunam
555 1760 720 1820 exaequo
741 1741 972 1803 detrectabant.
995 1742 1035 1802 In
1057 1741 1166 1803 Africa
1187 1741 1269 1819 legio
1291 1742 1401 1802 cohor-

279 1843 391 1917 tesque
423 1838 565 1900 delectae
596 1859 616 1899 a
647 1838 760 1900 Clodio
789 1839 915 1917 Macro,
947 1859 1025 1901 mox
1053 1859 1073 1899 a
1102 1839 1206 1901 Galba
1233 1840 1401 1917 dimissae,

279 1956 389 1997 rursus
416 1938 508 1998 iussu
529 1937 653 1998 Vitellii
674 1937 826 1997 militiam
847 1957 974 2017 oepere;
1003 1938 1102 1998 simul
1123 1942 1228 1999 cetera
1248 1938 1402 1998 iuventus

224 2051 259 2103 15
279 2034 378 2097 dabat
397 2035 522 2114 inpigre
542 2036 684 2096 nomina.
709 2035 837 2114 Quippe
858 2036 1020 2113 integrum
1042 2036 1109 2097 illio
1131 2055 1168 2097 ao
1190 2035 1402 2097 favorabilem

280 2133 545 2212 proconsulatum
573 2132 740 2210 Vitellius,
770 2132 932 2194 famosum
954 2133 1161 2214 invisumque
1183 2134 1402 2213 Vespasianus

280 2236 400 2309 egerat:
423 2229 558 2311 proinde
579 2231 656 2291 socii
679 2230 718 2291 de
739 2231 875 2310 imperio
898 2232 1067 2311 utriusque
1084 2232 1323 2309 coniectabant;
1347 2231 1403 2293 sed

281 2329 541 2408 experimentum
561 2333 673 2389 contra
694 2328 765 2389 fuit.
788 2331 835 2389 Ao
857 2329 961 2408 primo
985 2329 1133 2409 Valerius
1149 2331 1263 2391 Festus
1278 2330 1402 2408 legatus
1418 2339 1456 2401 98

281 2427 390 2488 studia
417 2426 667 2506 provincialium
696 2446 772 2487 cum
800 2427 864 2487 fide
885 2428 982 2505 iuvit;
1012 2448 1090 2489 mox
1110 2428 1262 2505 nutabat,
1293 2428 1403 2507 palam

223 2536 261 2591 20
281 2525 428 2605 epistulis
449 2525 626 2604 edictisque
648 2524 832 2601 Vitellium,
863 2525 997 2586 occultis
1019 2526 1143 2587 nuntiis
1166 2525 1402 2604 Vespasianum

281 2623 392 2685 fovens
413 2628 445 2685 et
466 2624 545 2684 haec
565 2623 664 2684 illave
685 2623 892 2701 defensurus,
921 2629 1017 2702 prout
1038 2623 1261 2685 invaluissent.
1285 2625 1403 2703 Depre-

281 2714 373 2790 hensi
411 2741 486 2783 oum
524 2722 640 2783 litteris
673 2721 850 2801 edictisque
883 2722 1075 2801 Vespasiani
1106 2742 1162 2801 per
1194 2722 1341 2782 Raetiam
1371 2727 1403 2782 et

241 2843 243 2846 ·
282 2818 404 2880 Gallias
432 2818 577 2881 militum
598 2824 629 2879 et
651 2819 879 2880 centurionum
902 2819 1037 2897 quidam
1058 2819 1100 2880 ad
1122 2819 1291 2880 Vitellium
1312 2819 1403 2879 missi

281 2922 453 2978 necantur:
482 2917 591 2996 plures
619 2913 775 2994 fefellere,
807 2916 871 2977 fide
899 2918 1076 2977 amicorum
1107 2921 1163 2977 aut
1183 2921 1310 2977 suomet
1331 2921 1403 2977 astu

225 3026 262 3081 25
281 3014 444 3075 occultati.
473 3014 525 3075 Ita
553 3013 678 3075 Vitellii
706 3020 838 3094 paratus
860 3014 1089 3090 noscebantur,
1117 3014 1310 3093 Vespasiani
1330 3034 1403 3075 oon·
1475 3046 1478 3051 <

282 3112 428 3174 siliorum
460 3112 613 3192 pleraque
645 3112 770 3189 ignota,
804 3113 947 3191 primum
979 3110 1126 3174 socordia
1157 3111 1297 3188 Vitellii;
1329 3111 1404 3172 dein

282 3210 487 3271 Pannonicae
525 3209 624 3289 Alpes
662 3208 830 3288 praesidiis
868 3210 1008 3270 insessae
1047 3210 1178 3270 nuntios
1213 3210 1402 3271 retinebant.

282 3308 370 3368 Mare
407 3326 538 3387 quoque
576 3307 748 3368 etesiarum
785 3306 868 3368 flatu
906 3306 940 3368 in
980 3307 1145 3369 Orientem
1177 3307 1404 3383 navigantibus

283 3404 478 3481 secundum,
499 3403 575 3465 inde
595 3404 767 3465 adversum
782 3409 859 3465 erat.
882 3404 1028 3465 Tandem
1043 3405 1228 3483 inruptione
1243 3404 1404 3481 hostium,
1419 3417 1458 3478 99

228 3514 266 3569 30
283 3500 445 3561 atrocibus
474 3500 619 3579 undique
640 3501 765 3562 nuntiis
786 3502 959 3563 exterritus
981 3502 1153 3563 Caecinam
1175 3522 1211 3562 ac
1233 3501 1404 3562 Valentem

283 3597 428 3677 expediri
456 3597 498 3658 ad
521 3597 646 3658 bellum
666 3598 765 3658 iubet.
794 3599 993 3660 Praemissus
1015 3600 1167 3661 Caecina:
1197 3599 1367 3659 Valentem
1389 3618 1405 3660 1

319 3840 343 3890 5.
363 3838 497 3904 germania
509 3836 540 3907 11
559 3838 730 3904 brittanniaq3
750 3839 772 3889 F
792 3842 817 3905 (a
835 3840 919 3889 medio
933 3838 1013 3889 deleto
1029 3838 1081 3904 est).
1103 3840 1188 3890 -17,
1208 3838 1314 3904 perinde
1324 3838 1405 3889 11111,

282 3944 334 3977 non
352 3934 415 3977 reete
434 3928 463 3992 cs.
479 3946 507 3994 p.
528 3928 615 3980 7131.
636 3958 668 3965 -
688 3926 731 3978 24.
751 3935 850 3978 suomet
870 3935 926 3978 astu
945 3927 1069 3993 Apricolc
1088 3943 1133 3977 suo
1150 3933 1259 3977 mestatu
1269 3927 1298 3977 F.
1320 3924 1405 3978 -Qa

283 4015 422 4067 etesiarum
449 4016 532 4067 erea.
557 4023 586 4066 et
614 4016 650 4067 esi
676 4017 759 4067 flabra
787 4017 922 4081 aquilonis.
952 4020 1000 4065 arri
1027 4016 1049 4065 F
1076 4017 1115 4082 (cs.
1135 4014 1268 4065 Inccretins
1287 4014 1366 4068 5.740
1384 4022 1407 4065 et

283 4104 365 4158 6.730
390 4104 467 4155 etesia
486 4104 570 4170 flabro
589 4106 755 4171 aquilonum).
783 4135 814 4143 -
834 4106 877 4158 31.
904 4104 1020 4170 expediri
1039 4105 1061 4155 F
1080 4104 1203 4170 expedire
1221 4104 1358 4154 Acidaliae
1377 4105 1406 4169 cf.

283 4194 305 4245 Ι.
327 4193 362 4247 10
380 4200 405 4244 et
421 4192 464 4247 88.
