3409 4909
286 456 326 516 54
711 476 851 519 connum
873 477 984 520 rnorrr
1258 471 1291 533 (a
1313 482 1339 517 u.
1359 464 1408 519 822

286 641 436 719 adfingit,
463 643 502 703 de
523 643 728 721 navigatione
749 644 892 724 primum
914 646 1086 728 consuluit.
1108 648 1288 727 Postquam
1309 649 1408 729 pandi

286 740 373 800 viam
401 745 434 800 et
458 760 546 800 mare
568 760 757 822 prosperum
779 744 918 821 accepit,
947 744 986 804 de
1007 763 1041 806 se
1062 764 1118 823 per
1139 736 1292 825 ambages
1314 748 1409 809 inter-

285 841 377 915 rogat
413 839 513 899 caesis
544 839 765 918 compluribus
796 841 920 902 hostiis.
959 841 1121 904 Sostratus
1153 843 1346 921 (sacerdotis
1376 844 1408 905 id

286 955 404 996 nomen
433 938 514 1014 erat)
543 937 600 997 ubi
628 936 713 999 laeta
739 943 771 999 et
796 940 1005 1017 congruentia
1026 946 1101 1001 exta
1122 942 1315 1022 magnisque
1337 962 1412 1005 con>

286 1033 380 1094 sultis
408 1034 548 1095 adnuere
575 1034 669 1096 deam
690 1036 795 1114 videt,
823 1057 927 1116 pauca
947 1038 982 1098 in
1003 1057 1154 1117 praesens
1175 1043 1207 1100 et
1228 1040 1328 1102 solita
1348 1057 1439 1108 res-5

286 1131 449 1211 pondens,
471 1133 572 1211 petito
593 1138 714 1195 secreto
736 1134 845 1195 futura
866 1136 977 1215 aperit.
1004 1136 1096 1197 Titus
1117 1140 1212 1198 aucto
1235 1138 1348 1199 animo
1369 1137 1409 1199 ad

286 1235 411 1309 patrem
449 1236 633 1310 pervectus,
672 1233 836 1311 suspensis
871 1234 1112 1312 provinciarum
1143 1239 1175 1296 et
1205 1236 1410 1298 exercituum

286 1328 449 1390 mentibus
462 1330 583 1410 ‚ingens
604 1349 711 1390 rerum
733 1328 852 1390 fiducia
874 1331 1014 1392 accessit.

262 1461 267 1471 ·
326 1426 555 1504 Profligaverat
575 1426 696 1488 bellum
719 1427 891 1488 Iudaicum
909 1429 1143 1508 Vespasianus,
1165 1430 1410 1510 obpugnatione

287 1524 588 1604 Hierosolymorum
623 1525 762 1605 reliqua,
798 1525 879 1587 duro
910 1526 1012 1603 magis
1043 1531 1075 1587 et
1105 1526 1207 1589 arduo
1240 1548 1338 1608 opere
1368 1530 1410 1591 ob
1428 1542 1448 1597 1(

286 1623 453 1700 ingenium
482 1623 602 1684 montis
631 1627 663 1683 et
689 1624 903 1701 pervicaciam
931 1625 1184 1703 superstitionis,
1213 1646 1317 1706 quam
1345 1647 1409 1708 quo

287 1721 364 1781 satis
392 1720 512 1780 virium
539 1720 676 1781 obsessis
705 1720 746 1781 ad
774 1720 958 1782 tolerandas
986 1723 1191 1785 necessitates
1217 1730 1408 1803 superesset.

288 1820 380 1896 Trea,
402 1824 552 1897 utsupra
566 1819 832 1898 memoravimus,
854 1820 917 1899 ipsi
932 1820 1131 1899 Vespasiano
1146 1821 1288 1899 legiones
1304 1830 1408 1904 erant,

286 1917 444 1977 exercitae
472 1916 574 1977 bello:
603 1921 757 1995 quattuor
784 1916 956 1978 Mucianus
984 1918 1150 1980 obtinebat
1170 1920 1206 1979 in
1226 1940 1324 2000 pace;
1355 1922 1408 1984 sed

286 2014 460 2074 aemulatio
489 2018 520 2074 et
547 2014 689 2093 proximi
717 2015 876 2075 exercitus
903 2015 1004 2093 gloria
1030 2016 1198 2095 depulerat
1219 2019 1405 2097 segnitiam,
1423 2031 1448 2085 lt

287 2118 511 2191 quantumque
541 2111 607 2172 illis
635 2112 757 2173 roboris
785 2113 972 2173 discrimina
1000 2118 1032 2175 et
1058 2114 1165 2190 labor,
1197 2120 1331 2178 tantum
1359 2117 1405 2180 his

287 2211 404 2287 vigoris
436 2208 604 2270 addiderat
634 2210 757 2288 integra
791 2211 882 2288 quies
917 2216 948 2271 et
982 2212 1170 2290 inexpertus
1201 2211 1281 2274 belli
1309 2214 1403 2276 labor.

287 2308 421 2368 Auxilia
444 2308 572 2386 utrique
593 2307 775 2368 cohortium
796 2307 987 2388 alarumque
1008 2313 1040 2370 et
1060 2310 1176 2371 classes
1197 2318 1352 2392 regesque
1372 2331 1404 2373 ac

253 2412 406 2471 5nomen
445 2405 566 2485 dispari
603 2405 690 2466 lama
727 2406 858 2467 celebre.
898 2408 1115 2486 Vespasianus
1149 2427 1221 2469 acer
1253 2410 1402 2489 militiae,

288 2505 408 2566 anteire
432 2524 562 2582 agmen,
590 2503 697 2565 locum
720 2504 831 2565 castris
846 2524 980 2590 capere,
1009 2512 1108 2568 noctu
1129 2506 1251 2587 diuque
1273 2508 1402 2571 consilio
1415 2519 1439 2575 20

288 2623 341 2682 ac,
373 2603 399 2664 si
431 2621 480 2663 res
508 2607 668 2680 posceret,
700 2622 800 2662 manu
827 2603 976 2664 hostibus
1005 2604 1124 2682 obniti,
1157 2604 1228 2667 cibo
1258 2605 1400 2685 fortuito,

287 2707 375 2765 veste
402 2701 582 2779 habituque
609 2700 667 2761 vix
695 2720 714 2760 a
741 2700 883 2777 gregario
907 2700 1010 2763 milite
1032 2701 1232 2782 discrepans;
1261 2724 1401 2784 prorsus,

288 2801 315 2861 si
335 2800 471 2860 avaritia
492 2798 632 2875 abesset,
661 2799 804 2877 antiquis
826 2797 963 2860 ducibus
984 2820 1043 2878 par
1050 2819 1058 2877 3
1085 2799 1275 2862 Mucianum
1298 2822 1316 2863 e
1337 2822 1402 2865 con·

288 2900 385 2961 trario
423 2897 663 2975 magnificentia
697 2903 728 2957 et
758 2916 835 2976 opes
867 2902 898 2958 et
929 2902 1046 2959 cuncta
1076 2892 1241 2978 privatum
1272 2901 1402 2963 modum

288 3017 490 3078 supergressa
505 2996 704 3057 extollebant
712 3016 719 3072 ;
741 2997 846 3075 aptior
860 3016 1022 3074 sermone,
1038 2996 1197 3077 dispositu
1211 3000 1403 3079 provisuque
1416 3011 1442 3064 n

288 3096 434 3158 civilium
461 3115 569 3155 rerum
597 3095 734 3173 peritus:
763 3094 924 3172 egregium
951 3094 1152 3174 principatus
1173 3100 1404 3176 temperamen-

287 3200 375 3271 tum,
404 3194 430 3254 si
459 3192 600 3272 demptis
624 3192 901 3275 utriusque'vitiis
923 3191 1009 3253 solae
1030 3192 1166 3254 virtutes
1186 3194 1403 3257 miscerentur.

288 3293 438 3354 Ceterum
466 3289 519 3350 hio
548 3289 673 3368 Syriae,
702 3289 757 3350 ille
784 3288 925 3350 Iudaeae
952 3290 1171 3370 praepositus,
1199 3292 1317 3355 vicinis
1339 3312 1405 3373 pro

287 3391 467 3452 vinciarum
482 3387 816 3448 administrationibus
830 3387 955 3449 invidia
969 3387 1147 3465 discordes,
1169 3390 1260 3451 exitu
1275 3390 1405 3453 demum

288 3488 423 3550 Neronis
454 3486 567 3566 positis
595 3485 678 3547 odiis
706 3486 740 3545 in
768 3484 913 3545 medium
942 3485 1146 3563 consuluere,
1178 3487 1325 3566 primum
1353 3508 1406 3570 per
1420 3502 1447 3558 30

288 3588 425 3648 amieos:
453 3585 528 3645 dein
556 3584 729 3664 praecipua
757 3583 945 3644 concordiae
973 3582 1052 3644 fides
1074 3583 1166 3645 Titus
1188 3604 1290 3663 prava
1308 3591 1406 3649 'certa-

323 3824 348 3875 2.
372 3824 493 3890 desepera
513 3820 516 3893 l
537 3824 612 3874 hales
631 3824 661 3873 F.
682 3852 714 3860 -
735 3824 758 3875 3.
784 3822 923 3874 sacerdotis
941 3823 964 3873 F
984 3823 1046 3889 (fait
1064 3822 1231 3887 sacerdotib3)
1252 3852 1284 3861 —
1308 3825 1332 3875 7.
1352 3840 1406 3890 per·

288 3922 390 3977 vectus3
410 3912 982 3979 suspensisscoriadamtrarerampervectus.
1002 3911 1162 3978 Suspensis),
1175 3912 1293 3979 plerique
1303 3914 1406 3964 editores

288 3981 434 4055 continuant
448 4003 600 4053 sententiam.
622 4032 655 4038 —
665 4002 690 4053 9.
710 4002 800 4052 Iudaei
814 4007 846 4053 cir
856 4002 886 4052 F.
907 4031 940 4037 -
953 4002 993 4052 17.
1010 4000 1160 4067 inexpertus
1168 4001 1229 4052 belli
1238 4001 1312 4053 labor
1320 4002 1406 4070 scripsi

288 4111 343 4142 eam
353 4098 417 4142 texta
427 4091 546 4141 erenoni
556 4090 685 4154 inexperti
694 4090 753 4141 belli
762 4090 834 4140 labor
844 4090 867 4141 F
876 4090 1040 4156 inexpertum
1050 4090 1145 4141 bellum
1154 4090 1235 4158 Nipp.
1246 4091 1363 4143 aliialia.
1373 4121 1405 4130 ·-

288 4181 331 4235 20.
352 4180 443 4251 {ipse>
463 4197 555 4246 capere
573 4179 697 4245 Pluypcrs
715 4180 754 4230 cll.
767 4180 854 4245 Agris.
874 4177 917 4231 20.
938 4178 1023 4230 —-27.
1044 4180 1157 4245 uiriusq3
1177 4178 1263 4233 -29,
1283 4179 1355 4231 exitii
1364 4177 1405 4231 Fi.
