3409 4909
271 482 301 529 P·
324 463 373 514 Ch.
394 463 438 530 68)
647 479 875 522 nrsroamauu
897 461 922 521 I.
947 462 1033 521 1-5.
1382 462 1401 521 3

274 647 452 709 necessitas
480 633 604 709 fortiter
631 648 768 709 tolerata
796 653 828 709 et
847 647 989 709 laudatis
1011 646 1221 727 antiquorum
1243 649 1400 710 mortibus

274 764 372 824 pares
399 746 515 806 exitus.
537 746 673 807 Praeter
700 745 898 825 multiplices
926 765 1033 806 rerum
1062 744 1278 805 humanarum
1308 765 1401 806 casus

275 843 369 904 caelo
396 841 544 923 terraque
572 843 719 923 prodigia
747 849 779 904 et
800 843 977 904 fulminum
999 842 1143 904 monitus
1165 847 1196 903 et
1217 841 1400 903 futurorum

274 941 458 1020 praesagia,
473 941 558 1002 laeta
573 941 691 1015 tristia,
707 941 859 1018 ambigua
870 940 1050 1002 manifesta.
1066 941 1131 1001 Nec
1143 940 1230 1001 enim
1242 941 1401 1019 umquam

234 1052 254 1102 5
275 1039 490 1100 atrocioribus
517 1039 633 1119 populi
659 1039 798 1101 Romani
827 1038 973 1099 cladibus
994 1039 1138 1115 magisve
1158 1038 1252 1099 iustis
1272 1038 1400 1099 indiciis

275 1136 497 1215 adprobatum
524 1142 572 1198 est
599 1143 664 1197 non
693 1155 761 1197 esse
790 1155 884 1196 curae
912 1135 979 1196 deis
1008 1134 1212 1196 securitatem
1240 1142 1400 1213 nostram,

275 1252 348 1294 esse
369 1232 537 1295 ultionem.

322 1330 471 1392 Ceterum
490 1336 665 1411 antequam
680 1332 840 1393 destinata
855 1350 1066 1410 componam,
1088 1330 1299 1409 repetendum
1314 1330 1400 1392 vide·
1414 1334 1434 1391 4

276 1434 350 1507 tur,
373 1429 477 1507 qualis
495 1435 598 1492 status
612 1430 718 1508 urbia,
740 1448 821 1508 quae
836 1448 928 1490 mens
943 1428 1159 1505 exercituum,
1182 1429 1254 1507 quis
1270 1428 1400 1490 habitus

216 1542 257 1595 10
276 1527 537 1606 provinciarum,
569 1527 649 1608 quid
676 1528 711 1588 in
738 1531 807 1589 toto
834 1533 994 1589 terrarum
1022 1526 1097 1587 orbe
1126 1525 1289 1604 validum,
1321 1526 1400 1606 quid

276 1642 412 1700 aegrum
439 1624 551 1703 fuerit,
580 1630 617 1686 ut
644 1645 710 1686 non
737 1624 835 1686 modo
864 1644 956 1686 casus
978 1629 1177 1704 eventusque
1199 1644 1306 1686 rerum
1329 1626 1400 1704 [qui

275 1720 472 1801 plerumque
493 1722 616 1784 fortuiti
638 1728 745 1801 sunt],
767 1723 823 1785 sed
844 1724 927 1785 ratio
949 1724 1047 1785 etiam
1070 1742 1249 1802 causaeque
1268 1742 1400 1783 noscan-

275 1824 341 1879 tur.
377 1819 467 1879 Finis
505 1819 641 1881 Neronis
677 1827 715 1881 ut
751 1821 857 1881 laetus
895 1821 1000 1900 primo
1032 1818 1244 1897 gaudentium
1275 1820 1401 1898 impetu

276 1916 400 1992 fuerat,
421 1917 468 1978 ita
488 1917 594 1978 varios
615 1923 722 1978 motus
744 1914 1017 1979 animorum‘non
1039 1919 1136 1979 modo
1157 1917 1191 1977 in
1213 1917 1291 1978 urbe
1312 1917 1400 1997 apud

218 2031 256 2081 15
276 2018 386 2092 patres
411 2018 469 2075 aut
489 2014 649 2094 populum
670 2021 727 2077 aut
748 2016 911 2077 urbanum
932 2015 1086 2092 militem,
1116 2014 1172 2076 sed
1193 2034 1305 2075 omnes
1326 2013 1401 2091 legi-

276 2131 356 2173 ones
388 2112 550 2192 ducesque
581 2114 779 2191 conciverat,
812 2113 959 2190 evolgato
987 2113 1116 2191 imperii
1144 2131 1276 2189 arcano,
1308 2131 1400 2191 posse

276 2210 460 2289 principem
481 2210 558 2272 alibi
580 2231 679 2289 quam
696 2213 817 2273 Romae
832 2212 909 2273 fieri.
932 2210 994 2273 Sed
1009 2217 1116 2291 patres
1130 2211 1223 2289 laeti,
1244 2216 1401 2289 usurpata

277 2306 391 2367 statim
412 2307 559 2369 libertate
579 2308 729 2369 licentius
738 2357 746 2387 ,
767 2314 804 2369 ut
822 2329 895 2386 erga
910 2309 1090 2388 principem
1105 2328 1228 2370 novum
1243 2313 1275 2369 et
1288 2309 1400 2369 absen-

276 2409 361 2482 tem;
383 2405 540 2484 primores
561 2406 709 2485 equitum
729 2407 871 2486 proximi
891 2406 1011 2484 gaudio
1030 2411 1176 2485 patrum;
1198 2425 1272 2486 pars
1287 2406 1401 2485 populi

218 2517 257 2570 20
276 2503 403 2580 integra
424 2508 456 2563 et
477 2504 601 2581 magnis
622 2504 773 2565 domibus
795 2504 937 2581 adnexa,
966 2505 1098 2565 clientes
1119 2504 1290 2584 libertique
1311 2503 1400 2573 dam-

276 2604 431 2660 natomm
459 2606 490 2661 et
518 2602 652 2662 exulum
679 2602 714 2662 in
742 2622 833 2682 spem
861 2603 973 2663 erecti:
1001 2601 1092 2680 plebs
1114 2601 1243 2662 sordida
1264 2608 1295 2661 et
1316 2602 1400 2661 circo

277 2717 316 2758 ac
336 2697 472 2760 theatris
493 2704 599 2777 sueta,
628 2700 727 2761 simul
748 2700 912 2761 deterrimi
933 2719 1115 2775 servorum,
1141 2699 1275 2777 aut'qui
1296 2698 1400 2759 adesis

275 2793 371 2855 bonis
400 2815 457 2874 per
484 2795 622 2857 dedecus
650 2797 786 2859 Neronis
813 2797 998 2873 alebantur,
1031 2797 1146 2857 maesti
1173 2803 1205 2858 et
1233 2817 1400 2858 rumorum

277 2892 376 2953 aridi.
409 2893 502 2955 Miles
533 2894 676 2956 urbanus
707 2895 803 2973 longo
832 2895 1007 2956 Caesarum
1037 2901 1237 2956 sacramento
1265 2896 1432 2960 inbutus5

220 3006 256 3060 25
276 2994 310 3051 et
337 2990 379 3051 ad
408 2990 650 3053 destituendum
678 2994 839 3055 Neronem
868 2999 935 3055 arte
963 2994 1065 3072 magis
1093 2999 1125 3055 et
1145 2994 1279 3074 inpulsu
1300 3014 1398 3073 quam

277 3106 337 3148 suo
358 3087 487 3165 ingenio
508 3090 690 3168 traductus,
712 3097 887 3171 postquam
909 3112 1013 3170 neque
1036 3092 1105 3153 dari
1127 3092 1318 3154 donativum
1339 3093 1399 3152 sub

275 3186 410 3247 nomine
432 3186 554 3249 Galbae
575 3190 772 3267 promissum
793 3209 898 3268 neque
919 3189 1045 3266 magnis
1060 3190 1182 3250 meritis
1197 3209 1234 3251 ac
1249 3190 1399 3269 praemiis

275 3283 420 3345 eundem
447 3284 481 3345 in
508 3305 587 3365 pace
615 3306 713 3366 quem
740 3287 775 3346 in
800 3286 886 3348 bello
907 3287 1016 3348 locum
1038 3293 1311 3367 praeventamque
1332 3307 1400 3364 gra-

275 3382 359 3443 tiam
379 3382 538 3460 intellegit
558 3384 646 3462 apud
668 3385 847 3464 principem
870 3405 888 3445 a
908 3385 1090 3462 legionibus
1112 3386 1251 3463 factum,
1280 3404 1400 3464 pronus

222 3497 256 3550 30
276 3479 318 3540 ad
350 3499 452 3542 novas
483 3500 548 3559 rea,
580 3481 697 3543 scelere
729 3482 860 3560 insuper
888 3483 1094 3602 Nymphidii‘
1110 3483 1221 3542 Sabini
1249 3482 1400 3561 praefecti

314 3722 337 3771 1.
363 3721 526 3772 necessitates
550 3722 651 3773 fortiter
675 3723 798 3773 toleratae
823 3722 934 3773 laudatis
961 3722 981 3773 b.
1008 3752 1040 3758 -
1066 3720 1090 3772 2.
1115 3722 1262 3771 humarum.
1283 3721 1296 3787 (
1297 3722 1400 3771 correrii

275 3810 363 3859 cadem
381 3827 413 3859 m.
433 3828 498 3876 quac
513 3829 541 3877 p.
561 3809 586 3861 ⁴2.
606 3812 640 3863 ‘23
659 3811 759 3861 addidit
777 3810 832 3861 obe.
853 3842 887 3849 —
904 3812 928 3862 ἴ).
948 3810 1062 3875 magisne
1081 3810 1154 3860 iustis
1165 3809 1305 3859 Rhenanus
1318 3809 1400 3875 magis

276 3897 392 3947 uetustis.
424 3929 457 3935 —
480 3900 504 3951 6.
529 3899 562 3950 de
574 3900 597 3937 ’ς
609 3900 648 3950 hii
671 3902 707 3964 (ις
730 3900 788 3949 odd.
809 3918 840 3949 m.
860 3898 891 3961 ἱ),
918 3917 982 3965 qaino
1008 3906 1089 3948 turrira
1114 3898 1194 3962 differt
1219 3916 1235 3947 a
1254 3916 1329 3949 manu
1347 3916 1398 3948 cor·

274 3986 378 4036 rectoris
402 4004 428 4053 p.
453 3986 478 4037 2.
504 3987 538 4039 93
564 3995 587 4039 et
612 3988 636 4040 3.
661 3986 685 4038 2.
712 4019 745 4025 -
772 3989 812 4038 11.
840 3988 894 4053 [qui
918 3988 1070 4052 plerumque
1095 3987 1193 4036 fortuiti
1212 3988 1281 4054 sunt]
1301 3987 1400 4036 seclusit

275 4074 432 4142 Nipperdey.
453 4107 486 4114 -
508 4078 548 4129 13.
568 4076 727 4128 audientium
752 4078 872 4144 Pluypcrs
891 4078 929 4127 cll.
950 4095 969 4127 c.
991 4078 1031 4129 To.
1053 4107 1085 4113 —
1107 4078 1147 4127 17.
1167 4077 1259 4127 laetius
1278 4084 1400 4141 usurpata

275 4164 364 4214 statim
382 4164 508 4215 libertate.
528 4194 562 4203 —
581 4164 624 4218 20.
643 4165 750 4231 integra.

1261 4255 1289 4303 1*
