3409 4909
224 429 226 432 ⁵
277 479 303 527 p.
323 461 370 512 Ch.
391 461 436 526 69)
618 476 845 520 flrsrornanun
867 458 912 520 II.
936 457 1064 521 37-41.
1358 455 1397 520 73

277 650 310 707 et
340 646 513 724 PaulinuS,
544 666 620 708 cnm
651 646 824 726 prudentia
855 665 967 707 eorum
994 663 1089 705 nemo
1117 647 1274 719 uteretur,
1307 642 1398 703 inani

277 745 409 805 nomine
430 745 551 806 ducum
573 745 695 806 alienae
716 734 830 823 eulpae
851 742 1160 823 praetendebantur:
1182 740 1303 802 tribuni
1326 760 1397 802 cen-

276 843 483 921 turionesque
505 842 663 920 ambigui,
686 840 773 920 quod
795 842 909 919 spretis
930 839 1118 901 melioribus
1134 839 1298 900 deterrimi
1313 837 1397 899 vale-

276 938 371 1015 bant;
410 939 502 1001 miles
533 939 652 1017 alacer,
693 940 749 1018 qui
781 944 891 999 tamen
922 939 1010 1000 iussa
1040 937 1161 999 ducum
1192 936 1396 1015 interpretari

241 1048 377 1116 aquam
408 1038 523 1116 exequi
555 1036 674 1098 mallet.
714 1037 900 1098 Promoveri
932 1036 973 1097 ad
1005 1042 1158 1115 quartum
1189 1055 1208 1095 a
1240 1033 1395 1095 Bedriaco

277 1140 382 1195 eastra
402 1135 540 1213 placuit,
562 1135 642 1196 adeo
663 1135 812 1214 imperite
833 1138 885 1213 ut,
911 1153 1110 1214 quamquam
1132 1152 1230 1194 verno
1251 1138 1397 1211 tempore

277 1233 354 1293 anni
375 1238 407 1293 et
427 1237 476 1295 tot
496 1233 618 1293 circum
638 1233 805 1309 amnibus,
827 1233 963 1311 penuria
984 1251 1087 1312 aquae
1102 1231 1321 1309 fatigarentur.
1344 1230 1395 1290 Ibi

278 1330 318 1391 de
347 1331 469 1410 proelio
501 1329 702 1414 dubitatum,
741 1331 870 1392 Othone
901 1350 957 1409 per
987 1331 1111 1391 litteras
1141 1329 1323 1406 flagitante,
1359 1331 1396 1388 ut

277 1434 493 1506 maturarent,
513 1429 686 1506 militibus,
708 1434 745 1489 ut
765 1430 940 1508 imperator
961 1448 1087 1508 pugnae
1101 1427 1242 1504 adesset,
1265 1444 1396 1506 poscen-

226 1535 259 1589 10
276 1526 378 1603 tibus;
416 1528 561 1607 plerique
598 1528 706 1606 copias
744 1532 832 1588 trans
872 1526 998 1587 Padum
1037 1531 1165 1602 agentes
1205 1524 1299 1585 acciri
1340 1543 1395 1602 po-

276 1623 450 1685 stulabant.
488 1626 554 1685 Nec
591 1626 726 1703 proinde
761 1626 932 1686 diiudicari
962 1630 1083 1704 potest,
1121 1622 1201 1703 quid
1232 1622 1394 1700 optimum

276 1721 364 1783 factu
402 1721 512 1801 fuerit,
551 1742 650 1801 quam
687 1724 865 1803 pessimum
903 1723 1016 1798 fuisse,
1056 1721 1143 1801 quod
1181 1720 1303 1781 factum
1336 1724 1392 1781 est.

276 1820 350 1880 Non
370 1824 408 1881 ut
428 1819 469 1880 ad
489 1828 649 1899 pugnam,
671 1820 727 1883 sed
749 1821 790 1882 ad
810 1821 1001 1882 bellandum
1022 1819 1172 1899 profecti,
1196 1817 1393 1879 confluentes
1408 1824 1448 1883 40

277 1917 357 1978 Padi
384 1923 415 1978 et
443 1917 556 1979 Aduae
583 1918 758 1979 fluminum
786 1919 925 1980 sedecim
954 1918 1029 1979 inde
1056 1917 1185 1978 milium
1214 1915 1319 1995 spatio
1348 1913 1394 1973 di-

225 2024 256 2076 15
276 2019 397 2076 stantes
412 2016 573 2095 petebant.
596 2017 687 2077 Celso
702 2022 733 2077 et
748 2017 885 2077 Paulino
900 2015 1117 2077 abnuentibus
1132 2014 1270 2075 militem
1281 2012 1395 2073 itinere
1477 2020 1480 2026 '

275 2112 412 2191 fessum,
441 2114 574 2175 sarcinis
595 2134 724 2192 gravem
746 2114 871 2175 obicere
892 2114 993 2191 hosti,
1022 2133 1089 2174 non
1110 2112 1307 2189 admissuro,
1330 2130 1394 2190 quo

275 2211 384 2271 minus
412 2210 582 2290 expeditus
610 2215 642 2272 et
668 2212 726 2273 vix
746 2216 900 2291 quattuor
920 2212 1011 2271 milia
1031 2229 1187 2290 passuum
1209 2227 1394 2289 progressus

275 2313 334 2370 aut
353 2309 585 2389 incompositos
605 2311 640 2370 in
661 2311 788 2387 agmine
810 2315 867 2371 aut
888 2310 1047 2390 dispersos
1070 2315 1101 2370 et
1122 2309 1246 2370 vallum
1260 2306 1394 2368 molien-

274 2411 323 2467 tes
351 2406 590 2485 adgrederetur,
619 2408 766 2469 Titianus
795 2413 827 2470 et
847 2407 1018 2484 Proculus,
1046 2408 1103 2468 ubi
1124 2407 1266 2468 consiliis
1290 2406 1393 2466 vinee-

222 2509 403 2582 rorantur,
433 2505 474 2566 ad
501 2506 552 2567 ius
579 2507 707 2585 imperii
734 2506 924 2567 transibant.
953 2506 1074 2567 Aderat
1102 2525 1178 2566 sane
1206 2506 1289 2565 citus
1310 2523 1393 2582 equo

274 2603 419 2664 Numida
455 2623 530 2665 cum
561 2604 722 2665 atrocibus
753 2604 932 2682 mandatis,
971 2605 1089 2684 quibus
1121 2603 1206 2663 Otho
1237 2602 1394 2680 increpita

274 2700 395 2762 dueum
418 2702 553 2779 segnitia
574 2722 642 2763 rem
663 2702 697 2762 in
719 2702 892 2763 discrimen
913 2702 999 2763 mitti
1021 2700 1168 2777 iubebat,
1191 2719 1282 2776 aeger
1302 2718 1393 2760 mora

274 2802 307 2859 et
327 2799 395 2877 spei
416 2800 586 2879 inpatiens.

314 2896 438 2957 Eodem
466 2896 518 2958 die
539 2897 581 2957 ad
602 2898 773 2959 Caecinam
795 2898 884 2976 operi
904 2897 1012 2976 pontis
1033 2898 1196 2957 intentum
1218 2896 1282 2956 duo
1304 2914 1392 2974 prae·
1406 2903 1444 2962 41

220 2993 431 3054 anteriorum
459 2995 640 3055 cohortium
669 2995 806 3070 tribuni,
839 2994 1049 3074 conloquium
1077 2995 1145 3056 eius
1173 2992 1391 3073 postulantes,

273 3096 440 3153 venerunt.
463 3092 584 3153 Audire
606 3093 810 3154 condiciones
831 3112 868 3154 ac
889 3092 1019 3154 reddere
1041 3092 1190 3172 parabat,
1213 3111 1287 3153 oum
1304 3111 1393 3170 prae-

274 3189 386 3267 cipites
418 3189 635 3269 exploratores
663 3190 774 3252 adesse
802 3191 928 3252 hostem
957 3191 1154 3252 nuntiavere.
1188 3190 1393 3267 Interruptus

273 3285 479 3347 tribunorum
507 3307 626 3364 sermo;
656 3306 757 3367 eoque
780 3288 941 3349 incertum
961 3288 1039 3364 fuit,
1068 3288 1202 3349 insidias
1224 3307 1265 3347 an
1286 3285 1393 3365 prodi·

273 3382 396 3444 tionem
416 3383 469 3446 vel
483 3384 616 3463 aliquod
630 3384 803 3446 honestum
818 3385 990 3447 consilium
1006 3386 1232 3464 coeptaverint.
1256 3383 1393 3445 Caecina

220 3491 255 3546 30
274 3479 415 3542 dimissis
452 3481 591 3542 tribunis
628 3486 772 3543 revectus
809 3483 844 3542 in
875 3487 994 3560 castra,
1033 3482 1146 3543 datum
1178 3482 1269 3541 iussu
1300 3479 1392 3540 Fabii

308 3725 332 3776 5.
360 3730 457 3791 exequi
479 3725 514 3776 Fl
539 3727 566 3794 (q
590 3727 695 3792 inferior
719 3736 811 3779 tractus
837 3728 929 3779 lineola
953 3729 1070 3779 traiectas
1094 3735 1144 3790 eat;
1172 3728 1200 3777 in
1218 3726 1310 3793 exequi
1329 3744 1390 3778 corr.

273 3815 327 3879 cat).
347 3843 380 3850 -
400 3814 424 3865 7.
450 3814 570 3866 manibus
588 3815 618 3866 F.
631 3828 673 3853 '—
695 3818 735 3868 11.
761 3817 869 3883 proinde
887 3818 910 3868 F
928 3817 1035 3883 perinde
1053 3818 1107 3868 cdd.
1127 3835 1176 3883 aeq.
1197 3847 1230 3854 —
1251 3815 1292 3867 12.
1311 3817 1390 3883 factu]

271 3903 366 3954 factum
394 3903 426 3955 F.
458 3933 491 3941 —
523 3904 563 3956 14.
596 3885 727 3971 [Padi'et
756 3906 857 3973 Aduae]
887 3906 967 3973 Nipp.
999 3937 1033 3944 -
1062 3906 1103 3958 16.
1134 3905 1275 3956 admissuro
1303 3905 1392 3971 scripsi

271 3991 436 4044 amissuros
454 3992 580 4043 omissuro
599 3993 613 4042 b
631 4001 766 4058 comestas,
792 3994 856 4045 Ritt.
877 3994 966 4045 Halm.
986 3994 1106 4045 Heracus
1124 3995 1167 4045 aad
1185 3994 1320 4045 admittere
1339 4011 1391 4060 quo
1461 4002 1467 4016 ¹

271 4080 357 4132 minus
380 4088 417 4133 cat
440 4081 600 4132 committere
623 4083 799 4147 omissionem,
825 4091 855 4134 ut
879 4101 938 4135 non.
965 4113 997 4121 -
1022 4082 1064 4135 24.
1089 4084 1208 4134 Intentus
1226 4082 1268 4135 Fl.
1297 4113 1323 4121 -
1347 4084 1389 4135 27.

270 4171 377 4237 explora
389 4168 393 4240 Ι
404 4170 495 4222 adesse
513 4171 543 4221 F.
