3409 4909
275 476 311 526 p.
332 458 381 510 Ch.
401 459 447 525 69)
634 474 862 518 maronianum
884 456 909 517 Ι.
932 454 1060 517 86-89.
1368 453 1409 513 49

240 662 244 666 ·
283 646 385 722 atque
406 642 487 723 ipsis
508 642 643 704 ducibus
665 643 836 704 consilium
859 648 891 703 et
911 641 1069 704 custodes.
1096 641 1231 703 Summa
1251 640 1408 721 expediti-

283 742 358 802 onis
403 741 547 802 Antonio
587 740 739 817 Novello,
781 740 900 802 Suedio
938 739 1098 801 Clementi
1135 737 1406 819 primipilaribus,

284 839 429 900 Aemilio
450 839 599 917 Pacensi,
627 839 680 900 cui
701 838 893 918 ademptum
914 859 933 899 a
955 837 1059 899 Galba
1079 837 1283 898 tribunatum
1303 836 1407 897 reddi-

283 935 394 1015 derat,
422 936 579 1017 permissa
586 957 594 1014 3
624 928 735 999 curam
763 937 899 999 navium
921 936 1073 997 Moschus
1094 935 1228 996 libertus
1250 934 1408 996 retinebat

246 1034 327 1103 aad
366 1034 602 1097 observandam
632 1034 855 1096 honestiorum
886 1033 985 1115 fidem
1015 1034 1216 1094 immutatus.
1256 1032 1406 1093 Peditum
1496 1054 1500 1060 ·

282 1134 501 1214 equitumque
526 1133 627 1212 copiis
647 1132 821 1195 Suetonius
842 1132 1013 1209 Paulinus,
1042 1132 1165 1192 Marius
1186 1130 1313 1208 Celsus,
1342 1133 1407 1193 An·

283 1231 361 1292 nius
393 1230 506 1292 Gallus
537 1236 673 1292 rectores
705 1230 867 1292 destinati.
906 1230 968 1292 Sed
1000 1230 1141 1310 plurima
1172 1228 1252 1289 fides
1283 1229 1406 1290 Licinio

284 1327 440 1406 Proculo,
472 1327 626 1407 praetorii
656 1327 826 1407 praefecto.
859 1328 892 1388 Is
923 1328 1064 1389 urbanae
1091 1327 1228 1388 militiae
1255 1327 1406 1407 impiger,

283 1426 448 1488 bellorum
486 1425 646 1505 insolens,
684 1426 910 1488 auctoritatem
947 1426 1092 1503 Paulini,
1130 1426 1272 1503 vigorem
1307 1424 1406 1502 Celsi,

232 1537 271 1591 10Ι
284 1524 509 1585 maturitatem
540 1522 643 1601 Galli,
681 1528 719 1585 ut
751 1524 868 1603 cuique
900 1524 1043 1602 <uirtus>
1075 1529 1157 1601 erat,
1189 1523 1406 1600 criminandO,

284 1620 375 1702 quod
413 1620 607 1682 facillimum
638 1621 726 1682 factu
757 1626 821 1699 est,
861 1641 981 1702 pravus
1013 1627 1044 1683 et
1075 1620 1212 1682 callidus
1244 1620 1345 1681 bonos
1376 1626 1407 1681 et

283 1719 449 1782 modestos
477 1718 629 1780 anteibat.
657 1718 824 1798 Sepositus
852 1739 910 1798 per
937 1738 990 1780 eos
1019 1718 1086 1780 dies
1115 1718 1283 1780 Cornelius
1312 1717 1407 1779 Dola·
1421 1716 1460 1776 88

283 1815 371 1879 bella
399 1816 434 1878 in
462 1815 622 1878 coloniam
650 1817 866 1896 Aquinatem,
898 1836 1003 1896 neque
1032 1822 1101 1877 arta
1128 1815 1276 1878 custodia
1302 1836 1407 1896 neque

284 1916 439 1993 obscura,
467 1915 597 1977 nullum
618 1916 660 1977 ob
681 1916 819 1992 crimen,
847 1914 904 1976 sed
925 1920 1052 1976 vetusto
1074 1916 1205 1976 nomine
1226 1920 1258 1976 et
1278 1915 1407 1994 propin-

233 2027 265 2079 15
284 2015 411 2096 quitata
433 2013 556 2075 Galbae
577 2019 784 2075 monstratus.
807 2014 928 2075 Multos
945 2034 961 2074 e
976 2013 1232 2091 magistratibus,
1255 2008 1407 2091 magnam

283 2110 507 2174 consularium
528 2116 653 2191 partem
675 2112 760 2173 Otho
781 2131 848 2172 non
869 2112 1042 2191 participes
1056 2116 1113 2173 aut
1127 2112 1291 2173 ministros
1305 2111 1405 2189 bella,

273 2209 341 2294 ¹ettad
361 2209 521 2271 comitum
542 2209 647 2288 specie
669 2228 779 2271 secum
794 2209 946 2289 expedire
960 2209 1065 2286 iubet;
1087 2210 1122 2268 in
1137 2209 1209 2288 quis
1224 2215 1256 2270 et
1269 2209 1407 2270 Lucium

283 2306 473 2384 Vitellium,
512 2306 626 2369 eodem
657 2326 722 2387 quo
754 2312 875 2369 ceteros
907 2307 1013 2384 cultu,
1049 2327 1107 2368 nec
1138 2313 1175 2368 ut
1205 2307 1406 2387 imperatoris

284 2405 418 2467 fratrem
440 2424 499 2467 nec
520 2410 558 2466 ut
572 2405 689 2467 hostis.

233 2513 268 2570 20
323 2503 431 2581 Igitur
458 2507 566 2564 motae
593 2503 682 2564 urbis
695 2522 814 2580 curae3
843 2502 954 2563 nullus
976 2501 1054 2563 ordo
1075 2508 1164 2564 metu
1187 2508 1243 2564 aut
1265 2503 1406 2582 periculo

284 2619 419 2662 vacuus.
441 2600 601 2662 Primores
622 2606 752 2661 senatus
774 2607 878 2663 aetate
899 2599 1044 2662 invalida
1064 2606 1097 2662 et
1116 2600 1213 2678 longa
1233 2621 1310 2680 pace
1326 2600 1407 2661 desi-

284 2698 370 2777 des,
390 2698 495 2776 segnis
527 2703 559 2759 et
590 2697 691 2759 oblita
721 2698 882 2760 bellorum
913 2699 1082 2775 nobilitas,
1114 2700 1243 2776 ignarus
1272 2698 1406 2760 militiae

284 2815 400 2878 aquea,
422 2801 545 2876 quanto
567 2796 669 2874 magis
683 2797 844 2858 occultare
859 2802 891 2859 et
905 2797 1020 2859 abdere
1035 2816 1187 2877 pavorem
1204 2796 1405 2875 nitebantur,

285 2894 491 2956 manifestius
518 2893 639 2974 pavidi.
668 2894 733 2955 Nec
757 2894 890 2956 deerant
911 2915 927 2956 e
949 2895 1124 2972 contrario,
1152 2895 1208 2974 qui
1230 2894 1406 2956 ambitione

238 2999 268 3056 25
285 2991 405 3054 stolida
432 2979 608 3071 conspicua
628 3012 733 3071 arma,
761 2992 901 3070 insignes
922 3011 1039 3072 equos,
1069 2992 1202 3072 quidam
1224 2992 1406 3053 luxuriosos

286 3095 464 3170 apparatus
492 3090 717 3152 conviviorum
744 3094 776 3151 et
802 3090 1003 3152 irritamenta
1030 3090 1204 3152 libidinum
1232 3096 1269 3152 ut
1289 3091 1407 3152 instru-

286 3192 435 3250 mentum
461 3187 539 3250 belli
562 3192 787 3251 mercarentur.
816 3188 1022 3267 Sapientibus
1045 3188 1161 3268 quietis
1184 3193 1216 3249 et
1235 3187 1280 3249 rei
1301 3188 1407 3268 publi·

287 3303 341 3347 cae
362 3304 457 3362 cura,
482 3281 667 3347 levissimus
688 3286 825 3366 quisque
846 3291 879 3347 et
899 3286 1000 3347 futuri
1020 3285 1223 3366 improvidus
1244 3305 1301 3365 spe
1322 3305 1406 3346 vana

286 3386 431 3470 tumens;
464 3379 588 3461 multi,¹
608 3383 729 3445 afflicta
757 3383 821 3445 fide
850 3384 886 3444 in
914 3404 992 3463 pace
1017 3383 1123 3461 anxii,
1154 3384 1291 3444 turbatis
1312 3383 1405 3444 rebus

245 3480 408 3547 tlalacres
436 3486 470 3543 et
489 3476 554 3561 'per
578 3482 701 3543 incerta
720 3482 885 3543 tutissimi.
913 3481 976 3543 Sed
997 3480 1109 3559 volgus
1132 3487 1163 3543 et
1183 3480 1406 3559 magnitudine
1420 3484 1460 3544 89

288 3669 447 3678 c——c—

320 3812 345 3866 2.
372 3814 452 3866 suelio
471 3814 511 3865 ab.
537 3844 571 3851 -
591 3814 616 3866 3.
642 3815 737 3865 emulio
756 3815 796 3865 ab,
823 3845 856 3851 —
876 3814 900 3865 4.
926 3814 1049 3865 Moschus
1071 3811 1139 3864 Orell
1158 3813 1249 3864 osohus
1268 3813 1307 3863 ab.
1328 3844 1361 3851 -
1380 3815 1404 3865 5.

286 3900 437 3954 immutatus
455 3902 488 3953 ab
505 3901 631 3953 inuitatus
652 3902 734 3970 Guelf.
754 3904 823 3954 Bad.
844 3903 1013 3970 [immutatus]
1033 3920 1089 3953 com
1108 3903 1208 3953 Moreto
1227 3902 1308 3969 Nipp.
1325 3903 1405 3969 impo-

287 3991 348 4044 situs
372 3990 484 4043 Ernesti.
510 4022 543 4029 -
565 3990 606 4045 10.
633 3989 753 4062 <uirtus>
772 3993 871 4043 inserui
889 3994 918 4058 cf.
939 3993 1026 4045 5554.
1053 4022 1085 4029 —-
1105 3991 1148 4043 21.
1173 3992 1288 4043 inualida
1306 3993 1345 4044 ab.
1372 4023 1404 4030 —

287 4078 327 4134 22.
361 4080 490 4132 bellorum
517 4081 588 4132 omis.
617 4079 668 4132 abl.
704 4112 737 4119 —
766 4081 809 4135 26.
838 4082 1038 4132 instrumentum
1067 4082 1099 4131 ab
1126 4082 1297 4132 instrumenta
1324 4082 1404 4149 Nipp.

287 4169 389 4222 Mamer.
410 4200 444 4207 -
463 4169 506 4222 29.
525 4170 614 4221 multis
633 4170 728 4221 afflicta
745 4171 810 4221 fides
828 4170 868 4221 ab.
889 4201 922 4207 —
942 4170 1013 4220 anxii
1031 4169 1107 4220 Nolte
1127 4170 1195 4221 acsi
1214 4170 1253 4221 ab.

320 4273 483 4311 cosmus
501 4272 629 4310 andrus.
649 4258 701 4310 111.
1282 4261 1300 4311 4
