3409 4909
291 476 318 524 p.
339 458 388 510 Ch.
410 460 456 526 69)
639 477 865 520 ursromanun
887 460 930 520 ΙΙ.
952 460 1081 524 57-60.
1379 462 1419 523 83

294 664 379 723 quae
419 644 547 722 fierent,
585 645 718 707 Vitellio
756 646 955 726 anquirente.
995 647 1090 708 Brevi
1122 646 1237 708 auditu
1270 650 1419 726 quamvis

295 761 414 819 magna
435 741 609 819 transibat,
631 743 724 821 inpar
745 744 829 804 curis
851 744 1060 821 gravioribus.

336 840 526 901 Exercitum
555 841 668 902 itinere
695 843 836 902 terrestri
864 862 993 921 pergere
1015 842 1120 903 iubet:
1150 844 1218 922 ipse
1241 846 1340 905 Arare
1361 844 1419 904 flu-

298 938 383 999 mine
405 937 592 1015 devehitur,
615 939 705 999 nullo
726 940 899 1019 principali
921 945 1053 1019 paratu,
1075 940 1131 1001 sed
1153 946 1259 1002 vetere
1280 948 1418 1020 egestate

276 1035 506 1114 tconspicuus,
546 1036 648 1096 donec
680 1023 795 1097 Iunius
826 1037 976 1114 Blaesus,
1012 1036 1261 1115 Lugudunensis
1294 1039 1419 1100 Galliae

302 1138 414 1211 rector,
442 1152 556 1210 genere
577 1132 711 1211 illustri,
739 1134 846 1212 largus
869 1135 977 1194 animo
999 1140 1031 1195 et
1051 1155 1109 1214 par
1131 1136 1263 1215 opibus,
1285 1137 1419 1197 circum-

306 1228 387 1292 daret
417 1231 556 1310 principi
587 1232 782 1308 ministeria,
817 1234 1026 1295 comitaretur
1057 1234 1246 1312 liberaliter,
1279 1254 1316 1295 eo
1347 1235 1418 1314 ipso

308 1326 456 1406 ingratus,
500 1331 649 1409 quamvis
691 1330 803 1391 odium
846 1331 996 1392 Vitellius
1035 1332 1212 1393 vernilibus
1251 1332 1418 1393 blanditiis

311 1425 424 1487 velaret.
468 1428 598 1490 Praesto
636 1428 724 1489 fuere
763 1429 937 1506 Luguduni
976 1429 1158 1491 victricium
1195 1431 1418 1509 victarumque

281 1534 304 1586 lt
315 1526 440 1599 partium
461 1525 567 1587 duces.
591 1526 761 1587 Valentem
782 1532 814 1587 et
836 1528 1008 1588 Caecinam
1029 1548 1087 1607 pro
1105 1529 1254 1589 contione
1269 1528 1418 1589 laudatos

255 1669 260 1692 ,
318 1622 402 1682 emuli
431 1643 509 1685 suae
530 1626 770 1705 circumposuit.
800 1627 879 1686 Mox
902 1626 1089 1687 universum
1111 1627 1289 1687 exercitum
1311 1646 1418 1687 occur-

321 1734 369 1779 rere
393 1720 509 1781 insanti
537 1722 604 1784 filio
632 1722 722 1784 iubet
729 1743 737 1800 3
766 1724 994 1803 perlatumque
1023 1728 1054 1784 et
1076 1723 1307 1803 paludamento
1329 1744 1419 1803 oper-

322 1818 373 1875 tum
398 1819 469 1878 sinu
490 1820 631 1880 retinens
654 1821 882 1881 Germanicum
905 1820 1083 1900 appellavit
1104 1822 1270 1901 cinxitque
1293 1823 1418 1883 cunctis

324 1908 443 1977 fonunae
471 1917 660 1997 principalis
682 1918 870 1996 insignibus,
900 1920 1028 1979 Nimius
1049 1919 1152 1980 honos
1174 1921 1256 1980 inter
1277 1919 1419 1981 secunda

277 2017 313 2070 *lt
325 2008 395 2073 rebus
413 2014 555 2076 adversis
577 2016 610 2076 in
631 2016 788 2102 solacium
809 2018 913 2078 cessit.
935 2018 1020 2076 Tum
1041 2017 1200 2079 interfecti
1215 2019 1418 2079 centuriones
1433 2025 1473 2085 60

326 2114 531 2190 promptissimi
562 2113 836 2175 Othonianorum:
870 2114 956 2175 unde
983 2115 1158 2194 praecipua
1185 2116 1218 2176 in
1249 2117 1418 2178 Vitellium

275 2239 278 2246 ·
327 2205 448 2274 alienatio
470 2232 528 2291 per
548 2212 695 2291 Illyricos
717 2214 894 2290 exercitus,
917 2213 1016 2273 simul
1035 2218 1160 2297 ⁴ceterae
1181 2213 1322 2290 legiones
1344 2235 1418 2276 con-

327 2307 390 2367 tactu
408 2316 438 2371 et
458 2309 612 2371 adversus
635 2311 842 2372 Germanicos
864 2310 984 2371 milites
1006 2310 1131 2372 invidia
1145 2310 1266 2371 bellum
1283 2310 1418 2372 medita-

327 2398 422 2468 bantur.
451 2408 642 2469 Suetonium
671 2408 846 2469 Paulinum
874 2429 912 2470 ac
941 2409 1102 2469 Licinium
1132 2409 1306 2470 Proculum
1334 2410 1418 2470 tristi

327 2515 392 2564 nora
410 2506 573 2585 squalidos
594 2508 714 2584 tenuit,
737 2507 839 2568 donec
860 2507 964 2569 auditi
986 2507 1172 2568 necessariis
1194 2508 1295 2584 magis
1311 2506 1418 2567 defen-

327 2595 441 2664 sionibus
463 2624 562 2682 quam
583 2604 726 2666 honestis
748 2610 931 2667 uterentur:
953 2604 1170 2684 proditionem
1189 2605 1275 2666 ultro
1290 2606 1418 2684 inputa-

326 2689 396 2776 bant,
429 2703 572 2782 spatium
603 2703 691 2781 longi
722 2707 796 2763 ante
828 2703 988 2782 proelium
1019 2702 1160 2780 itineris,
1196 2702 1418 2780 fatigationem

328 2788 573 2879 Othonianorum,
612 2800 811 2880 permixtum
849 2799 1008 2861 vehiculis
1047 2819 1162 2876 agmen
1196 2819 1233 2859 ac
1265 2799 1418 2878 pleraque

327 2886 431 2958 fortuita
461 2897 568 2960 fraudi
600 2918 676 2959 suae
706 2897 922 2975 adsignantea
955 2897 997 2957 Et
1028 2896 1180 2957 Vitellius
1212 2895 1348 2957 credidit
1378 2895 1417 2957 de

327 2992 432 3063 perfidia
452 3002 484 3057 et
506 2996 601 3057 fidem
624 2995 771 3057 absolvit.
801 2995 930 3056 Salvius
951 2995 1116 3071 Titianus,
1146 2993 1283 3054 Othonis
1305 2994 1417 3069 frater,

327 3087 427 3154 nullum
447 3092 619 3154 discrimen
642 3093 736 3171 adiit,
759 3094 879 3173 pietate
900 3098 932 3153 et
953 3093 1083 3170 ignavia
1105 3098 1285 3153 excusatus
1315 3092 1418 3152 Mario

327 3180 394 3250 Celso
418 3191 604 3252 consulatus
632 3197 794 3268 servatur3
824 3191 880 3251 sed
902 3189 1060 3252 creditum
1083 3189 1170 3249 sarna
1191 3190 1418 3268 obiectumque

327 3295 381 3345 mox
398 3288 429 3348 in
451 3293 565 3349 senatu
586 3287 725 3376 Caecilio
747 3288 910 3368 Simplici,
940 3288 1027 3367 quod
1050 3307 1123 3348 eum
1147 3288 1302 3347 honorem
1321 3284 1418 3366 'pecu-

327 3377 363 3439 ssifl
378 3387 522 3462 mercari,
544 3405 602 3447 nec
623 3386 692 3447 sine
707 3387 806 3448 exitio
822 3385 922 3463 Celsi,
944 3386 1113 3447 voluisset:
1136 3385 1253 3445 restitit
1267 3386 1417 3445 Vitellius

327 3472 449 3563 deditque
470 3488 582 3563 postca
602 3484 808 3546 consulatum
829 3484 976 3563 Simplici
991 3484 1163 3544 innoxium
1179 3488 1211 3543 et
1225 3483 1416 3560 inemptum.

326 3568 492 3643 lnchalum
530 3580 683 3643 adversus
721 3583 929 3643 criminantes
969 3581 1113 3657 Galeria,
1158 3600 1240 3640 uxor
1278 3580 1417 3657 Vitellii,

324 3679 445 3747 protexit.

320 3861 456 3878 ἓ..

340 3995 358 4046 l.
384 3996 463 4047 breue
487 3994 577 4046 auditu
602 3994 629 4045 ui
654 3994 744 4060 queuis
763 3996 793 4045 F.
823 4025 856 4031 -
876 3994 900 4046 2.
929 3994 1086 4060 transigebat
1109 3993 1136 4045 0.
1156 3994 1195 4045 M.
1214 3993 1354 4075 Flaackea.
1384 4023 1416 4029 —

310 4084 340 4137 ll.
358 4085 452 4136 curulis
471 4084 514 4135 Fl.
540 4113 573 4121 -
595 4085 635 4135 14.
655 4085 721 4149 h0n3
741 4084 771 4135 F.
797 4114 830 4121 -
852 4085 892 4136 15.
914 4082 1003 4152 <n0n>
1023 4083 1097 4134 cessit
1115 4083 1199 4133 Riua-
1217 4083 1309 4133 illectis
1328 4083 1358 4133 F.
1383 4111 1416 4119 -

301 4173 337 4229 28.
356 4174 426 4242 quod
444 4178 477 4225 cir
495 4173 594 4224 honore
612 4173 643 4224 F.
667 4202 700 4211 —
720 4173 761 4226 30.
781 4164 877 4239 Inepta
896 4173 925 4223 F.
946 4202 978 4211 -
999 4174 1040 4225 31.
1061 4173 1137 4223 uxori
1155 4172 1197 4222 Fl.

1278 4260 1309 4312 6*
