3409 4909
269 503 298 551 p.
321 484 378 535 Ch:
396 484 441 549 68)
637 499 867 543 ursromnauu
888 482 914 543 I.
936 483 1044 543 9-13.
1384 483 1402 545 7

272 670 414 730 lascivia
445 668 624 730 discordem
656 674 688 729 et
719 667 891 745 mobilem,
929 668 1065 729 insciam
1095 668 1219 746 legum,
1257 669 1402 746 ignaram

275 768 547 845 magistratuum,
568 766 658 828 domi
679 765 824 826 retinere.
847 766 988 843 Regebat
1010 771 1081 826 tum
1100 765 1247 826 Tiberius
1262 765 1403 827 Alexan-

278 864 350 940 der,
380 864 526 925 eiusdem
554 863 704 925 nationis.
737 863 846 924 Africa
874 883 910 924 ac
939 863 1079 941 legiones
1107 863 1141 923 in
1170 883 1207 924 ca
1235 863 1402 925 interfecto

278 961 395 1023 Clodio
426 962 536 1022 Macro
568 966 719 1022 contenta
747 960 978 1040 qualicumque
1005 961 1151 1041 principe
1178 967 1252 1041 post
1279 963 1403 1041 experi-

254 1066 428 1122 tmentum
457 1058 583 1120 domini
603 1058 747 1119 minoris.
777 1060 868 1120 Duae
890 1058 1126 1136 Mauretaniae,
1154 1060 1283 1137 Raetia,
1312 1061 1403 1122 Nori·

279 1177 371 1233 cum,
401 1157 555 1233 Thracia,
584 1160 616 1217 et
640 1176 723 1235 quae
744 1156 826 1217 aliae
848 1156 1109 1235 procuratoribus
1131 1157 1337 1236 cohibentur,
1365 1164 1402 1219 ut

280 1256 397 1335 cuique
419 1254 575 1316 exercitui
596 1254 737 1331 vicinae,
758 1254 806 1314 ita
826 1253 861 1314 in
883 1254 1026 1316 favorem
1048 1260 1104 1315 aut
1125 1254 1238 1316 odium
1252 1261 1402 1318 contactu

280 1352 497 1414 valentiorum
529 1352 714 1429 agebantur.
747 1351 891 1412 Inermes
922 1352 1108 1431 provinciae
1138 1358 1236 1432 atque
1266 1354 1337 1433 ipsa
1368 1354 1402 1414 in
1496 1427 1500 1434 ι

280 1450 393 1528 primis
415 1449 529 1526 Italia,
550 1450 743 1528 cuicumque
765 1449 895 1511 servitio
918 1450 1080 1528 exposita,
1108 1450 1143 1510 in
1164 1451 1305 1529 pretium
1326 1450 1403 1512 belli

232 1556 262 1609 10
282 1567 426 1609 cessurae
458 1552 558 1608 erant.
594 1547 658 1607 Hic
690 1546 752 1607 fuit
783 1566 891 1607 rerum
923 1547 1144 1607 Romanarum
1175 1552 1295 1624 status,
1328 1568 1403 1609 cum

282 1645 409 1705 Servius
450 1644 554 1705 Galba
591 1645 710 1705 iterum
748 1644 840 1706 Titus
880 1644 996 1704 Vinius
1032 1645 1179 1705 consules
1211 1644 1402 1705 inchoavere

282 1761 404 1802 annum
426 1742 489 1802 sibi
509 1741 681 1819 ultimum,
703 1741 749 1802 rei
768 1740 919 1821 publicae
939 1761 1039 1821 prope
1061 1761 1261 1821 supremum.

318 1840 436 1900 Paucis
461 1844 536 1918 post
556 1838 722 1900 Kalendas
744 1840 912 1900 Ianuarias
934 1838 1048 1899 diebus
1070 1840 1204 1919 Pompei
1225 1840 1403 1919 Propinqui
1418 1844 1456 1905 12

282 1936 497 2014 procuratoris
518 1956 535 1998 e
556 1936 685 2013 Belgica
705 1935 831 1997 litterae
852 1935 1057 2015 adferuntur,
1080 1937 1253 2016 superioris
1273 1937 1403 1998 Germa-

232 2039 265 2098 ts
282 2033 351 2094 niae
373 2033 515 2110 legiones
536 2039 633 2112 rupta
653 2034 846 2095 sacramenti
865 2035 1043 2096 reverentia
1058 2034 1285 2114 imperatorem
1301 2035 1403 2095 alium

281 2130 425 2208 flagitare
457 2135 489 2191 et
519 2132 646 2192 senatui
677 2151 714 2191 ac
741 2131 863 2210 populo
890 2132 1037 2193 Romano
1066 2132 1236 2193 arbitrium
1264 2131 1403 2209 eligendi

282 2228 482 2307 permittere,
504 2247 569 2308 quo
590 2228 706 2289 seditio
727 2228 859 2289 mollius
881 2228 1087 2308 acciperetur.
1110 2228 1287 2290 Maturavit
1301 2248 1339 2289 ca
1353 2248 1402 2290 res

282 2326 454 2387 consilium
483 2326 604 2387 Galbae
631 2326 698 2386 iam
726 2325 852 2406 pridem
880 2325 919 2387 de
948 2326 1122 2406 adoptione
1144 2346 1254 2387 secum
1275 2333 1307 2387 et
1328 2346 1403 2387 cum

280 2424 438 2502 proximis
470 2424 630 2502 agitantia.
663 2425 737 2485 Non
768 2444 844 2485 sane
876 2425 1014 2485 crebrior
1044 2429 1113 2486 tota
1140 2425 1270 2486 civitate
1298 2444 1403 2486 sermo

241 2532 265 2590 20
281 2542 335 2601 per
362 2521 438 2582 illos
467 2541 593 2583 menses
620 2522 740 2600 fuerat,
769 2523 913 2601 primurn
940 2522 1071 2584 licentia
1099 2542 1136 2583 ac
1164 2522 1299 2583 libidine
1324 2522 1403 2583 talia

280 2618 452 2699 loquendi,
465 2610 550 2682 'dein
570 2618 653 2680 fessa
666 2620 740 2680 iam
761 2624 865 2681 aetate
887 2620 1018 2681 Galbae.
1041 2620 1155 2681 Paucis
1171 2620 1331 2704 iudicium
1346 2625 1403 2681 aut

280 2718 324 2789 rei
345 2716 497 2796 publicae
519 2736 624 2779 amor:
653 2717 749 2778 multi
771 2717 872 2778 stulta
893 2738 962 2797 spe,
991 2723 1087 2797 prout
1108 2718 1181 2796 quis
1203 2718 1327 2778 amicus
1350 2718 1402 2779 vel

279 2815 396 2892 cliens,
429 2814 517 2875 hunc
548 2813 601 2877 vel
630 2814 726 2875 illum
757 2815 938 2876 ambitiosis
967 2814 1150 2877 rumoribus
1179 2815 1402 2893 destinabant,

279 2913 379 2973 ctiam
407 2912 442 2973 in
470 2912 535 2973 Titi
563 2912 640 2973 Vini
668 2912 796 2990 odium,
827 2913 884 2992 qui
912 2914 947 2973 in
975 2912 1043 2973 dies
1071 2917 1194 2991 quanto
1223 2913 1402 2992 potentior,

232 3025 261 3081 25
278 3009 394 3071 eodem
416 3014 515 3071 auctu
535 3009 670 3071 invisior
690 3015 766 3070 erat.
789 3010 917 3090 Quippe
939 3010 1066 3071 hiantes
1088 3011 1122 3071 in
1141 3031 1258 3089 magna
1273 3012 1403 3072 fortuna

278 3108 460 3168 amicorum
481 3105 675 3185 cupiditates
696 3107 768 3186 ipsa
790 3107 911 3169 Galbae
933 3108 1072 3169 facilitas
1093 3108 1299 3186 intendebat,
1328 3128 1402 3169 curu

278 3204 368 3283 apud
389 3203 557 3265 infirmum
579 3208 611 3265 et
631 3203 799 3265 credulum
820 3205 945 3266 minore
966 3211 1056 3266 metu
1071 3211 1103 3266 et
1118 3206 1240 3267 maiore
1258 3206 1402 3284 praemio

278 3306 476 3380 peccaretur.
511 3301 660 3362 Potentia
689 3302 890 3381 principatus
923 3301 1027 3363 divisa
1057 3303 1093 3362 in
1123 3304 1235 3363 Titum
1267 3303 1401 3362 Vinium
1418 3312 1456 3372 13

279 3398 464 3475 consulem,
495 3398 682 3460 Cornelium
712 3400 890 3475 Laconem,
923 3399 1073 3478 praetorii
1095 3399 1309 3478 praefectum3
1344 3417 1402 3458 nec

232 3516 261 3570 30
279 3496 387 3556 minor
414 3496 517 3572 gratia
543 3495 646 3573 Icelo,
674 3494 797 3556 Galbae
823 3496 955 3573 liberto,
984 3516 1081 3575 quem
1110 3496 1216 3557 anulis
1242 3495 1400 3556 donatum

279 3592 423 3672 equestri
459 3593 590 3655 nomine
628 3593 831 3654 Marcianum
862 3594 1057 3655 vocitabant.
1097 3594 1143 3654 Hi
1175 3592 1337 3654 discordes
1369 3597 1400 3653 et

281 3739 444 3747 ——-—-

316 3827 340 3877 1.
359 3826 459 3892 ignara.
479 3855 512 3863 -
531 3825 556 3877 2.
575 3826 663 3877 domui
681 3826 764 3877 Halm
781 3843 836 3876 cum
855 3826 975 3892 Ricklefa
997 3855 1028 3863 —
1049 3827 1072 3878 3.
1092 3825 1206 3891 legiones
1224 3825 1246 3875 F
1259 3824 1325 3890 legio
1338 3824 1401 3891 Lip-

278 3917 339 3966 sius.
361 3944 395 3952 -
413 3915 453 3967 10.
473 3932 581 3966 oessura.
601 3946 635 3953 —
651 3932 825 3966 romanorum.
841 3945 875 3952 —-
897 3915 937 3966 13.
957 3914 991 3964 kl.
1012 3944 1045 3951 -
1066 3915 1106 3967 16.
1127 3914 1233 3964 arbitrio
1247 3913 1288 3965 Fl.
1311 3943 1343 3951 -
1360 3911 1401 3963 ⁵2⁶2.

279 4004 369 4055 nauus
387 4004 461 4054 turta.
486 4032 519 4041 -
537 4002 580 4055 aa
600 4003 740 4054 ambitiosa
758 3987 894 4070 Api-scola,
914 4002 1060 4053 ambuans
1078 4003 1109 4054 u.
1130 4033 1163 4041 -
1183 4002 1224 4053 aa
1245 4011 1270 4053 a
1290 4003 1348 4052 ram
1370 4032 1402 4038 -

278 4091 349 4142 intiti
360 4092 432 4142 vinio
445 4092 496 4143 diu.
518 4122 550 4130 -
562 4091 605 4144 25.
625 4101 700 4143 auctu
713 4093 786 4159 culpo
799 4111 826 4144 er·
838 4093 902 4144 coni.
923 4092 1126 4154 actitantur,
1145 4093 1176 4142 ci.
1193 4110 1220 4158 p.
1243 4091 1282 4142 1³2.
1305 4092 1346 4142 17.
1368 4118 1402 4127 -·

279 4179 323 4233 29.
342 4181 475 4232 consulem
492 4188 519 4232 et
536 4182 590 4233 cdd.
612 4182 669 4233 dett.
