3409 4909
863 422 922 484 234

518 692 702 742 1111111110
723 690 932 742 saisronun
952 695 985 758 (a.
1004 689 1040 743 as
1058 700 1114 756 post
1134 690 1195 742 cnr.
1215 695 1260 757 a).

371 903 444 963 Tac.
476 904 560 962 Ann.
593 902 650 963 IV.
682 902 730 965 72.
770 901 894 963 Eodem
926 922 1012 963 anno
1045 902 1155 980 Frisii,
1187 903 1460 964 Transrhenanas

331 1000 488 1080 populuS,
516 1020 629 1079 pacem
651 1019 784 1077 exuere,
813 1006 924 1061 nostra
945 1000 1047 1078 magis
1069 1001 1221 1079 avaritia,
1243 1020 1343 1081 quam
1368 1002 1460 1063 obse·

330 1099 399 1179 quii
431 1098 634 1178 inpatientes
671 1099 842 1160 Tributuin
876 1098 915 1158 iis
947 1099 1072 1159 Drusus
1103 1098 1239 1161 iusserat
1269 1099 1458 1175 modicum,

330 1217 388 1276 pro
417 1196 567 1273 angustia
594 1216 717 1272 rerum,
746 1201 783 1258 ut
810 1196 844 1256 in
871 1215 949 1256 usus
971 1195 1127 1257 militares
1149 1197 1234 1258 coria
1255 1198 1356 1258 bourn
1380 1217 1458 1277 pen·

331 1296 457 1372 dorent,
487 1314 552 1355 non
573 1294 697 1356 intenta
718 1295 911 1375 cuiusquam
933 1314 1025 1372 cura,
1055 1314 1137 1373 quae
1159 1294 1342 1372 firmitudo,
1373 1315 1457 1375 qnae

330 1412 497 1470 mensura,
524 1392 625 1453 donec
647 1391 820 1468 Olennius,
842 1412 859 1453 e
881 1392 1153 1472 primipilaribus,
1175 1393 1320 1470 regendis
1343 1394 1456 1455 Frisiis

330 1491 490 1569 inpositus
518 1496 606 1567 terga
630 1510 763 1551 urorum
785 1490 918 1567 delegit,
948 1510 1086 1569 quorum
1108 1491 1150 1551 ad
1171 1491 1309 1552 formam
1332 1492 1457 1571 accipe·

330 1593 448 1648 rentur.
478 1588 517 1648 ld
545 1587 616 1649 aliis
642 1608 771 1668 quoque
793 1589 980 1650 nationibus
1002 1589 1141 1650 arduum
1164 1589 1251 1669 apud
1274 1590 1455 1652 Germanos

329 1686 494 1747 difficilius
520 1686 732 1765 tolerabatur,
761 1688 833 1766 quis
856 1688 1037 1765 ingentium
1059 1688 1229 1749 beluarum
1250 1688 1372 1750 feraces
1394 1690 1456 1750 sal-

329 1790 398 1861 tus,
430 1785 558 1846 modica
589 1785 678 1846 dorni
709 1791 855 1847 armenta
887 1791 971 1848 sunt.
1005 1788 1052 1847 Ac
1083 1787 1189 1865 primo
1220 1786 1319 1847 boues
1349 1788 1455 1867 ipsae,

331 1902 407 1942 mox
436 1902 543 1959 agros,
571 1889 733 1962 postremo
761 1903 895 1963 corpora
921 1884 1094 1961 coniugum
1117 1889 1173 1945 aut
1194 1883 1371 1945 liberorum
1393 1904 1456 1946 ser-

330 1980 411 2040 nitio
449 1979 629 2041 tradebant.
673 1982 761 2042 Hinc
795 1981 843 2041 ira
877 1969 909 2043 01
941 1987 1074 2061 questus
1108 1988 1141 2043 et
1177 1988 1352 2062 postquam
1389 2003 1456 2045 non

329 2077 598 2155 subueniebatur,
624 2079 804 2140 remedium
831 2099 871 2140 ex
893 2079 987 2141 bello.
1016 2081 1129 2159 Rapti,
1158 2081 1215 2161 qui
1236 2080 1360 2143 tributo
1381 2081 1456 2143 ade-

329 2181 418 2253 rant,
456 2176 575 2238 milites
610 2182 643 2237 et
679 2176 826 2257 patibulo
866 2176 977 2238 adfixi.
1016 2177 1172 2239 Olennius
1203 2178 1346 2240 infensos
1378 2179 1455 2257 fuga

330 2275 514 2353 praeuenit,
542 2280 688 2354 receptus
717 2275 864 2353 castello,
893 2276 945 2336 oui
974 2296 1093 2337 nomen
1121 2276 1258 2338 Flevum
1266 2297 1273 2353 3
1303 2282 1334 2338 et
1364 2277 1455 2339 haud

329 2372 510 2451 spernenda
547 2372 613 2433 illic
645 2373 768 2435 ciuium
800 2374 1026 2454 sociorumque
1058 2394 1174 2436 manus
1204 2375 1300 2435 litora
1332 2376 1455 2439 Oceani

330 2470 541 2549 praesidebat.

371 2588 395 2628 c.
429 2569 475 2631 73.
509 2569 603 2639 Quod
635 2568 690 2629 ubi
719 2569 753 2629 L.
785 2570 948 2649 Apronio,
980 2570 1138 2631 inferioris
1170 2570 1363 2633 Germaniae
1394 2593 1455 2652 pro

330 2672 491 2745 praetore,
520 2666 700 2743 cognitum,
729 2666 851 2727 uexilla
876 2667 1039 2745 legionum
1060 2687 1077 2728 e
1099 2668 1262 2746 superiore
1283 2670 1456 2748 prouincia

329 2764 541 2844 peditumque
562 2770 594 2825 et
615 2764 762 2843 equitum
784 2765 994 2826 auxiliarium
1015 2765 1155 2827 delectos
1170 2766 1287 2827 acciuit
1301 2786 1338 2828 ac
1354 2768 1456 2831 simul

329 2868 504 2942 utrumque
525 2864 702 2924 exercitum
724 2863 838 2924 Rheno
861 2862 1032 2924 devectum
1054 2863 1164 2925 Frisiis
1185 2863 1313 2939 intulit,
1343 2865 1454 2929 soluto

329 2962 395 3021 iarn
427 2961 550 3021 castelli
578 2961 703 3022 obsidio
731 2966 763 3021 et
790 2960 831 3020 ad
853 2980 912 3022 sua
933 2961 1070 3021 tutanda
1091 2961 1239 3038 digressis
1259 2961 1454 3042 rebellibus3

329 3059 426 3135 igitur
454 3059 602 3137 proxima
630 3059 789 3120 aestuaria
817 3058 983 3136 aggeribus
1012 3063 1044 3120 et
1072 3058 1225 3137 pontibus
1251 3059 1455 3124 traducendo

328 3158 467 3233 grauiori
495 3157 616 3234 agmini
644 3156 767 3234 firmat,
795 3162 894 3236 atquc
923 3157 1052 3217 interim
1081 3157 1214 3236 repertis
1241 3157 1336 3219 uadis
1364 3158 1454 3221 alam

329 3254 574 3316 Canninefatem
603 3259 635 3315 01
662 3254 749 3334 quod
778 3254 926 3334 peditum
956 3254 1189 3316 Germanorum
1218 3255 1302 3316 inter
1322 3262 1454 3320 nostros

329 3352 472 3414 merebat
509 3352 719 3429 circumgredi
754 3358 842 3431 terga
873 3353 1016 3414 hostium
1048 3353 1139 3414 iubet
1146 3373 1154 3429 ;
1196 3354 1253 3433 qui
1284 3354 1352 3415 iarn
1382 3356 1453 3418 acie

328 3451 499 3531 compositi
528 3450 655 3530 pellunt
681 3456 806 3512 turmas
827 3451 960 3512 sociales
982 3450 1170 3530 equitesque
1191 3451 1357 3528 legionum
1377 3453 1455 3515 sub-

328 3549 410 3609 sidio
432 3549 562 3624 missos,
591 3553 661 3609 tum
683 3555 746 3610 tres
767 3548 856 3609 leues
879 3548 1024 3609 cohortes
1045 3567 1082 3608 ac
1104 3567 1232 3609 rursum
1254 3548 1353 3626 duae,
1376 3550 1455 3613 dein

328 3652 473 3725 tempore
501 3646 667 3707 interiecto
695 3646 814 3707 alarius
842 3665 939 3724 eques
967 3645 1137 3706 inmissus:
1169 3646 1246 3708 satis
1275 3647 1395 3725 ualidi,
1427 3650 1453 3710 si

328 3744 427 3805 simul
448 3744 687 3821 incubuissent,
709 3764 766 3823 per
786 3744 996 3805 intervallum
1018 3744 1230 3806 adventantes
1251 3764 1356 3824 neque
1377 3766 1454 3808 con·

328 3842 483 3902 stantiam
504 3840 696 3904 addiderant
716 3842 853 3903 turbatis
875 3848 1040 3921 etpavore
1054 3841 1247 3918 fugientium
1263 3842 1454 3906 aufereban-

328 3948 389 4001 tur.
412 3939 552 4016 Cethego
567 3940 725 4017 Labeoni,
747 3940 852 4017 lcgato
867 3940 1000 4019 quintae
1015 3940 1163 4017 legionis,
1185 3940 1273 4020 quod
1287 3941 1453 4021 reliquum

328 4038 541 4115 arrxiliorum,
570 4038 684 4115 tradit;
713 4044 810 4116 atque
839 4037 894 4098 ille
922 4036 1022 4098 dubia
1049 4056 1183 4099 suorum
1211 4057 1244 4099 re
1269 4038 1303 4098 in
1331 4059 1453 4121 anceps

328 4142 449 4196 tractus
471 4135 577 4195 missis
598 4136 722 4196 nuntiis
743 4137 812 4196 uim
832 4136 996 4212 legionum
1011 4135 1209 4214 inplorabat;
1232 4145 1454 4217 prorumpunt
