3409 4909
331 461 368 519 al
759 477 899 520 connum
921 477 1032 519 raom
1301 464 1335 527 (a.
1356 460 1457 514 1ιὸἳῖ

331 651 459 723 santur,
481 666 643 723 egressum
665 646 814 707 cubiculo
836 647 1073 725 Vespasianum
1089 646 1185 725 pauci
1200 646 1336 723 milites,
1359 646 1456 708 solito

332 743 522 804 adsistentes
551 743 662 805 ordine
684 749 721 804 ut
740 744 883 821 legatum
905 745 1091 822 salutaturi,
1119 745 1349 823 imperatorem
1370 746 1457 806 salu-

331 847 449 902 tavere.
484 843 568 903 Tum
600 843 696 902 ceteri
728 842 910 920 adcurrere,
943 843 1112 903 Caesarem
1144 849 1175 903 et
1206 845 1391 921 Augustum
1425 848 1457 904 et

332 940 442 999 omnia
476 940 676 1019 principatus
708 940 867 1001 vocabula
898 940 1079 1001 cumulare:
1117 959 1209 1000 mens
1240 960 1259 1000 a
1291 945 1381 1001 metu
1414 941 1457 1000 ad

331 1037 496 1098 fortunam
524 1038 701 1099 transierat.
731 1038 770 1098 In
798 1038 869 1117 ipso
898 1038 980 1097 nihil
1009 1038 1189 1115 tumidum,
1218 1037 1375 1116 adrogans
1398 1044 1491 1104 autb

332 1136 366 1195 in
387 1136 482 1196 rebus
503 1136 596 1196 novis
617 1155 739 1197 novum
761 1136 838 1196 fuit:
868 1141 905 1197 ut
926 1136 1068 1214 primum
1090 1141 1199 1197 tantae
1220 1136 1456 1213 magnitudinis

333 1234 480 1294 obfusam
509 1234 610 1294 oculis
638 1235 807 1311 caliginem
836 1234 977 1312 disiecit,
1005 1233 1189 1294 militariter
1216 1233 1344 1294 locutus
1370 1234 1457 1295 laeta

333 1333 442 1392 omnia
473 1337 504 1393 et
535 1332 702 1393 affluentia
733 1333 868 1411 excepit.
903 1333 1049 1411 Namque
1081 1332 1114 1392 id
1144 1332 1253 1410 ipsum
1285 1332 1456 1410 opperiens

332 1430 504 1491 Mucianus
525 1430 663 1490 alacrem
686 1429 823 1491 militem
844 1431 880 1490 in
902 1430 998 1490 verba
1020 1430 1211 1508 Vespasiani
1233 1428 1356 1506 adegit3
1383 1435 1456 1490 tum

332 1529 601 1590 Antiochensium
625 1528 790 1589 theatrum
810 1528 987 1606 ingressus,
1015 1528 1072 1587 ubi
1093 1526 1158 1587 illis
1179 1528 1362 1587 consultare
1384 1547 1455 1588 mos
1475 1538 1506 1592 10

332 1632 395 1703 est,
418 1631 642 1687 concurrentes
664 1631 696 1687 et
716 1627 750 1686 in
773 1626 993 1686 adulationem
1015 1625 1133 1685 effusos
1151 1624 1353 1704 adloquitur,
1377 1624 1455 1685 satis
1496 1629 1498 1634 '

332 1709 466 1785 decorus
497 1725 596 1785 etiam
627 1725 748 1785 Graeca
779 1723 932 1785 facundia
964 1723 1192 1801 omniumque,
1225 1742 1307 1800 quae
1336 1722 1456 1783 diceret

333 1827 429 1901 atque
445 1827 565 1899 ageret,
583 1811 650 1883 arte
665 1822 807 1901 quadam
823 1826 1009 1882 ostentator.
1031 1821 1121 1881 Nihil
1137 1840 1237 1899 aeque
1252 1820 1455 1899 provinciam

333 1920 574 1997 exercitumque
605 1920 767 1997 accendit,
799 1939 899 1997 quam
930 1918 1017 1996 quod
1046 1917 1255 1978 adseverabat
1282 1917 1455 1977 Mucianus

332 2017 482 2077 statuisse
511 2015 697 2094 Vitellium,
725 2022 762 2076 ut
791 2016 998 2077 Germanicas
1027 2014 1167 2092 legiones
1195 2014 1229 2074 in
1257 2014 1386 2093 Syriam
1414 2013 1502 2080 ad15

332 2115 484 2175 militiam
512 2114 701 2193 opulentam
723 2115 932 2193 quietamque
953 2113 1153 2189 transferret,
1183 2116 1294 2173 contra
1315 2111 1455 2190 Syriacis

332 2211 511 2288 legionibus
534 2212 726 2273 Germanica
746 2212 883 2273 hiberna
904 2213 991 2272 caelo
1013 2231 1049 2272 ac
1071 2210 1235 2272 laboribus
1253 2209 1336 2269 dura
1351 2215 1456 2269 niuta-

332 2315 451 2371 rentur.
484 2310 613 2390 Quippe
644 2315 675 2370 et
706 2310 919 2389 provinciales
951 2315 1042 2370 sueto
1074 2308 1212 2369 militem
1244 2308 1455 2369 contubernio

332 2407 532 2485 gaudebant,
570 2408 716 2487 plerique
754 2407 1048 2468 necessitudinibus
1087 2411 1119 2467 et
1156 2405 1455 2485 propinquitatibus

334 2506 445 2583 mixti3
467 2510 499 2567 et
519 2506 678 2566 militibus
700 2509 860 2567 vetustate
882 2504 1117 2584 stipendiorum
1138 2508 1215 2564 nota
1236 2508 1267 2564 et
1281 2502 1456 2563 familiaria
1472 2514 1503 2569 ‘20

280 2608 317 2669 81
335 2610 438 2664 castra
465 2605 500 2664 in
527 2604 662 2665 modum
691 2604 860 2682 penatium
887 2602 1112 2679 diligebantur.
1141 2603 1226 2662 Ante
1253 2600 1326 2661 idus
1354 2600 1455 2660 Iulias

334 2702 427 2781 Syria
447 2702 552 2762 omnis
573 2702 608 2761 in
629 2700 742 2761 eodem
764 2705 964 2761 sacramento
985 2699 1056 2761 fuit.
1078 2700 1247 2759 Accessere
1268 2718 1344 2758 cum
1359 2717 1456 2775 regno

333 2800 511 2861 Sohaemus
526 2799 615 2860 haud
629 2798 817 2877 spernendis
832 2798 970 2876 viribus,
992 2798 1173 2858 Antiochus
1188 2796 1324 2859 vetustis
1339 2796 1456 2880 opibus

333 2898 445 2974 uigens
467 2903 499 2958 et
519 2896 762 2957 inservientium
786 2915 897 2974 regum
919 2895 1114 2957 ditissimus:
1136 2914 1214 2955 mox
1234 2914 1291 2974 per
1312 2893 1455 2956 occultos

240 2998 244 3002 ’
335 3014 467 3056 suorum
504 2995 636 3055 nuntios
668 2994 793 3055 excitus
825 2994 866 3056 ab
897 2994 976 3054 urbe
1007 2995 1166 3073 Agrippa,
1204 2993 1315 3070 ignaro
1348 2992 1455 3052 adhue
1473 3004 1505 3058 25

335 3091 482 3167 Vitellio,
510 3091 605 3158 celeri
626 3091 831 3168 navigatione
853 3095 1095 3169 properaverat;
1120 3109 1179 3151 nec
1200 3090 1323 3150 minore
1346 3089 1456 3150 animo

334 3189 443 3266 regina
470 3189 620 3249 Berenice
646 3193 753 3268 partes
780 3189 931 3265 iuvabat,
958 3188 1075 3249 florens
1103 3192 1207 3248 aetate
1234 3187 1403 3264 formaque
1425 3190 1457 3247 et

334 3287 403 3347 seni
424 3306 553 3366 quoque
573 3286 773 3365 Vespasiano
792 3286 1033 3363 magnificentia
1046 3305 1220 3346 munerum
1234 3290 1332 3373 grata.
1356 3284 1455 3355 Quid·

335 3385 413 3462 quid
441 3383 682 3465 provinciarum
710 3383 855 3444 adluitur
879 3384 961 3443 mari
982 3384 1060 3444 Asia
1081 3387 1178 3462 atque
1199 3382 1323 3443 Achaia
1345 3387 1455 3459 tenus,

334 3486 558 3561 quantumque
596 3481 753 3541 introrsus
791 3482 825 3540 in
864 3482 1004 3542 Pontum
1040 3486 1072 3543 et
1102 3480 1272 3541 Armenios
1303 3480 1455 3569 patescit,
1475 3493 1510 3548 30,

369 3735 394 3787 2.
423 3735 575 3786 adsistentes
599 3735 713 3785 Pichcaa
738 3734 862 3785 adsistent
887 3734 917 3785 F.
948 3764 981 3771 -
1007 3733 1031 3786 6.
1060 3733 1243 3798 magnitudinis
1261 3732 1352 3799 scripsi
1369 3732 1456 3783 multi-

334 3825 439 3875 tudimis
462 3825 485 3875 F
509 3824 659 3875 mutationis
683 3824 776 3891 Nipp..
789 3841 844 3874 eam
866 3822 973 3874 Gronov.
993 3822 1263 3885 altitudinis'llillar,
1289 3821 1385 3872 Meiaer
1402 3821 1455 3872 iam

334 3913 476 3964 altitudinis
503 3912 587 3963 Rata
614 3911 791 3978 amplitudinis
819 3911 958 3978 Kiessh'ag.
987 3939 1021 3948 —
1042 3910 1082 3963 10.
1110 3910 1147 3960 illi
1166 3910 1197 3961 F.
1227 3939 1260 3947 —
1281 3910 1322 3962 13.
1350 3910 1456 3976 provin-

334 4002 372 4052 eia
396 4001 419 4051 F
437 4004 463 4066 (a
481 4019 509 4052 ea
527 4020 542 4070 ς
559 4019 621 4052 corr.
642 4004 695 4066 est).
716 4030 749 4038 -
770 4002 810 4052 17.
830 4001 939 4051 hiberna
958 3999 1039 4050 Rhea.
1058 3998 1167 4049 hiberno
1185 3998 1215 4049 F.
1237 4028 1269 4035 —
1289 3998 1331 4049 21.
1352 3998 1383 4051 la
1401 3998 1456 4049 Iuls

335 4090 353 4156 (l
373 4073 466 4140 linebla
485 4091 590 4141 traiecta
608 4092 654 4154 est)
674 4089 696 4140 F
715 4090 744 4154 cs.
760 4108 788 4155 p.
808 4088 896 4141 9325.
917 4118 949 4125 —
969 4087 1012 4139 24.
1032 4088 1122 4153 uigens
1143 4086 1239 4139 Cernat.
1259 4088 1288 4152 φ’,
1308 4087 1378 4138 Ana.
1394 4085 1456 4139 330

333 4179 424 4244 ingens
442 4180 473 4230 F.
494 4209 526 4216 -
545 4178 588 4231 25.
607 4178 706 4229 excitus
724 4178 779 4227 edd.
798 4196 848 4243 aeq.
869 4177 996 4228 exercitus
1014 4177 1044 4227 F.
