<?xml version="1.0" encoding="UTF-8"?>
<!DOCTYPE html PUBLIC "-//W3C//DTD XHTML 1.0 Transitional//EN"
    "http://www.w3.org/TR/xhtml1/DTD/xhtml1-transitional.dtd">
<html xmlns="http://www.w3.org/1999/xhtml" xml:lang="en" lang="en">
 <head>
  <title>
</title>
<meta http-equiv="Content-Type" content="text/html;charset=utf-8" />
  <meta name='ocr-system' content='tesseract 3.04.00' />
  <meta name='ocr-capabilities' content='ocr_page ocr_carea ocr_par ocr_line ocrx_word'/>
</head>
<body>
  <div class='ocr_page' id='page_1' title='image "./historiaecumfra00vliegoog_0137.png"; bbox 0 0 3409 4909; ppageno 0'>
   <div class='ocr_carea' id='block_1_1' title="bbox 231 419 1401 536">
    <p class='ocr_par' dir='ltr' id='par_1_1' title="bbox 231 419 1401 536">
     <span class='ocr_line' id='line_1_1' title="bbox 231 419 1401 536; baseline -0.009 -1"><span class='ocrx_word' id='word_1_1' title='bbox 231 419 234 424; x_wconf 28' lang='grc' dir='ltr'>Ι</span> <span class='ocrx_word' id='word_1_2' title='bbox 272 439 302 536; x_wconf 73' lang='lat'>¹1¹·</span> <span class='ocrx_word' id='word_1_3' title='bbox 324 468 372 519; x_wconf 57' lang='lat'>01·</span> <span class='ocrx_word' id='word_1_4' title='bbox 392 469 437 533; x_wconf 79' lang='lat'>69)</span> <span class='ocrx_word' id='word_1_5' title='bbox 612 484 840 527; x_wconf 75' lang='lat' dir='ltr'>ursroaraaurr</span> <span class='ocrx_word' id='word_1_6' title='bbox 862 467 923 527; x_wconf 89' lang='grc' dir='ltr'><strong>ΙΙΙ.</strong></span> <span class='ocrx_word' id='word_1_7' title='bbox 947 465 1073 526; x_wconf 81' lang='grc'>28-32.</span> <span class='ocrx_word' id='word_1_8' title='bbox 1342 465 1401 526; x_wconf 81' lang='grc'>123</span> 
     </span>
    </p>
   </div>
   <div class='ocr_carea' id='block_1_2' title="bbox 231 636 1458 3568">
    <p class='ocr_par' dir='ltr' id='par_1_2' title="bbox 231 636 1458 3568">
     <span class='ocr_line' id='line_1_2' title="bbox 266 636 1452 734; baseline -0.004 -17"><span class='ocrx_word' id='word_1_9' title='bbox 266 636 428 717; x_wconf 57' lang='grc' dir='ltr'>Ιιτὶὶὶήὶηιε</span> <span class='ocrx_word' id='word_1_10' title='bbox 450 653 629 734; x_wconf 91' lang='lat' dir='ltr'>tegulisque</span> <span class='ocrx_word' id='word_1_11' title='bbox 651 658 683 715; x_wconf 92' lang='lat' dir='ltr'>et</span> <span class='ocrx_word' id='word_1_12' title='bbox 703 654 827 715; x_wconf 79' lang='lat' dir='ltr'><strong>facibus</strong></span> <span class='ocrx_word' id='word_1_13' title='bbox 848 659 1103 732; x_wconf 82' lang='lat' dir='ltr'>propugnatores</span> <span class='ocrx_word' id='word_1_14' title='bbox 1124 652 1306 713; x_wconf 81' lang='lat' dir='ltr'>deturbant.</span> <span class='ocrx_word' id='word_1_15' title='bbox 1328 653 1401 712; x_wconf 90' lang='lat' dir='ltr'>Iam</span> <span class='ocrx_word' id='word_1_16' title='bbox 1415 652 1452 712; x_wconf 89' lang='lat'>31</span> 
     </span>
     <span class='ocr_line' id='line_1_3' title="bbox 280 750 1400 830; baseline -0.002 -17"><span class='ocrx_word' id='word_1_17' title='bbox 280 752 423 830; x_wconf 83' lang='lat' dir='ltr'>legiones</span> <span class='ocrx_word' id='word_1_18' title='bbox 450 752 485 812; x_wconf 92' lang='lat' dir='ltr'>in</span> <span class='ocrx_word' id='word_1_19' title='bbox 512 752 709 812; x_wconf 79' lang='lat' dir='ltr'>testudinem</span> <span class='ocrx_word' id='word_1_20' title='bbox 737 751 1013 829; x_wconf 79' lang='lat' dir='ltr'>glomerabantur,</span> <span class='ocrx_word' id='word_1_21' title='bbox 1043 756 1074 812; x_wconf 92' lang='lat' dir='ltr'>et</span> <span class='ocrx_word' id='word_1_22' title='bbox 1096 750 1151 810; x_wconf 89' lang='lat' dir='ltr'>alii</span> <span class='ocrx_word' id='word_1_23' title='bbox 1170 750 1237 811; x_wconf 92' lang='lat' dir='ltr'>tela</span> <span class='ocrx_word' id='word_1_24' title='bbox 1258 770 1400 828; x_wconf 87' lang='lat' dir='ltr'>saxaque</span> 
     </span>
     <span class='ocr_line' id='line_1_4' title="bbox 277 848 1400 931; baseline -0.003 -20"><span class='ocrx_word' id='word_1_25' title='bbox 277 849 497 926; x_wconf 83' lang='lat' dir='ltr'>incutiebant,</span> <span class='ocrx_word' id='word_1_26' title='bbox 519 868 594 910; x_wconf 88' lang='lat' dir='ltr'>cum</span> <span class='ocrx_word' id='word_1_27' title='bbox 614 849 819 926; x_wconf 79' lang='lat' dir='ltr'>languescere</span> <span class='ocrx_word' id='word_1_28' title='bbox 840 849 1000 928; x_wconf 89' lang='lat' dir='ltr'>paulatim</span> <span class='ocrx_word' id='word_1_29' title='bbox 1019 848 1267 931; x_wconf 87' lang='lat' dir='ltr'>Vitellianorum</span> <span class='ocrx_word' id='word_1_30' title='bbox 1290 849 1400 909; x_wconf 90' lang='lat' dir='ltr'>animi.</span> 
     </span>
     <span class='ocr_line' id='line_1_5' title="bbox 278 946 1401 1027; baseline -0.003 -18"><span class='ocrx_word' id='word_1_31' title='bbox 278 948 325 1009; x_wconf 88' lang='lat' dir='ltr'>Ut</span> <span class='ocrx_word' id='word_1_32' title='bbox 344 947 417 1027; x_wconf 92' lang='lat' dir='ltr'>quis</span> <span class='ocrx_word' id='word_1_33' title='bbox 439 946 550 1008; x_wconf 90' lang='lat' dir='ltr'>ordine</span> <span class='ocrx_word' id='word_1_34' title='bbox 572 947 732 1023; x_wconf 84' lang='lat' dir='ltr'>anteibat,</span> <span class='ocrx_word' id='word_1_35' title='bbox 761 946 871 1007; x_wconf 85' lang='lat' dir='ltr'>cedere</span> <span class='ocrx_word' id='word_1_36' title='bbox 893 946 1056 1022; x_wconf 87' lang='lat' dir='ltr'>fortunae,</span> <span class='ocrx_word' id='word_1_37' title='bbox 1082 965 1121 1007; x_wconf 93' lang='lat' dir='ltr'>ne</span> <span class='ocrx_word' id='word_1_38' title='bbox 1144 946 1302 1007; x_wconf 83' lang='lat' dir='ltr'>Cremona</span> <span class='ocrx_word' id='word_1_39' title='bbox 1324 965 1401 1024; x_wconf 90' lang='lat' dir='ltr'>qno·</span> 
     </span>
     <span class='ocr_line' id='line_1_6' title="bbox 240 1043 1402 1125; baseline -0.007 -15"><span class='ocrx_word' id='word_1_40' title='bbox 240 1057 260 1110; x_wconf 82' lang='lat'>5</span> <span class='ocrx_word' id='word_1_41' title='bbox 279 1065 342 1125; x_wconf 91' lang='lat' dir='ltr'>que</span> <span class='ocrx_word' id='word_1_42' title='bbox 371 1046 479 1106; x_wconf 86' lang='lat' dir='ltr'>excisa</span> <span class='ocrx_word' id='word_1_43' title='bbox 506 1045 597 1105; x_wconf 92' lang='lat' dir='ltr'>nulla</span> <span class='ocrx_word' id='word_1_44' title='bbox 624 1046 709 1106; x_wconf 88' lang='lat' dir='ltr'>ultra</span> <span class='ocrx_word' id='word_1_45' title='bbox 730 1046 840 1122; x_wconf 88' lang='lat' dir='ltr'>venia,</span> <span class='ocrx_word' id='word_1_46' title='bbox 869 1045 1039 1123; x_wconf 90' lang='lat' dir='ltr'>omnisque</span> <span class='ocrx_word' id='word_1_47' title='bbox 1061 1044 1109 1104; x_wconf 91' lang='lat' dir='ltr'>ira</span> <span class='ocrx_word' id='word_1_48' title='bbox 1129 1043 1259 1104; x_wconf 85' lang='lat' dir='ltr'>victoris</span> <span class='ocrx_word' id='word_1_49' title='bbox 1281 1063 1346 1103; x_wconf 93' lang='lat' dir='ltr'>non</span> <span class='ocrx_word' id='word_1_50' title='bbox 1367 1043 1402 1102; x_wconf 93' lang='lat' dir='ltr'>in</span> 
     </span>
     <span class='ocr_line' id='line_1_7' title="bbox 280 1141 1402 1222; baseline -0.003 -18"><span class='ocrx_word' id='word_1_51' title='bbox 280 1143 394 1221; x_wconf 87' lang='lat' dir='ltr'>volgus</span> <span class='ocrx_word' id='word_1_52' title='bbox 422 1143 533 1222; x_wconf 90' lang='lat' dir='ltr'>inops,</span> <span class='ocrx_word' id='word_1_53' title='bbox 562 1143 618 1204; x_wconf 92' lang='lat' dir='ltr'>sed</span> <span class='ocrx_word' id='word_1_54' title='bbox 645 1143 679 1203; x_wconf 91' lang='lat' dir='ltr'>in</span> <span class='ocrx_word' id='word_1_55' title='bbox 701 1143 849 1204; x_wconf 88' lang='lat' dir='ltr'>tribunos</span> <span class='ocrx_word' id='word_1_56' title='bbox 871 1142 1153 1220; x_wconf 81' lang='lat' dir='ltr'>centurionesque,</span> <span class='ocrx_word' id='word_1_57' title='bbox 1182 1141 1239 1202; x_wconf 91' lang='lat' dir='ltr'>ubi</span> <span class='ocrx_word' id='word_1_58' title='bbox 1261 1142 1402 1219; x_wconf 90' lang='lat' dir='ltr'>pretium</span> 
     </span>
     <span class='ocr_line' id='line_1_8' title="bbox 279 1238 1402 1317; baseline -0.004 -15"><span class='ocrx_word' id='word_1_59' title='bbox 279 1240 386 1302; x_wconf 90' lang='lat' dir='ltr'>caedis</span> <span class='ocrx_word' id='word_1_60' title='bbox 415 1245 498 1317; x_wconf 91' lang='lat' dir='ltr'>erat,</span> <span class='ocrx_word' id='word_1_61' title='bbox 526 1245 745 1302; x_wconf 89' lang='lat' dir='ltr'>reverteretur.</span> <span class='ocrx_word' id='word_1_62' title='bbox 776 1240 947 1317; x_wconf 90' lang='lat' dir='ltr'>Gregarius</span> <span class='ocrx_word' id='word_1_63' title='bbox 975 1240 1084 1316; x_wconf 88' lang='lat' dir='ltr'>miles,</span> <span class='ocrx_word' id='word_1_64' title='bbox 1112 1238 1214 1299; x_wconf 88' lang='lat' dir='ltr'>futuri</span> <span class='ocrx_word' id='word_1_65' title='bbox 1242 1258 1349 1299; x_wconf 82' lang='lat' dir='ltr'>socors</span> <span class='ocrx_word' id='word_1_66' title='bbox 1370 1243 1402 1299; x_wconf 94' lang='lat' dir='ltr'>et</span> 
     </span>
     <span class='ocr_line' id='line_1_9' title="bbox 278 1335 1402 1418; baseline -0.004 -19"><span class='ocrx_word' id='word_1_67' title='bbox 278 1337 481 1416; x_wconf 89' lang='lat' dir='ltr'>ignobilitate</span> <span class='ocrx_word' id='word_1_68' title='bbox 512 1339 627 1415; x_wconf 88' lang='lat' dir='ltr'>tutior,</span> <span class='ocrx_word' id='word_1_69' title='bbox 660 1338 840 1418; x_wconf 90' lang='lat' dir='ltr'>perstabat:</span> <span class='ocrx_word' id='word_1_70' title='bbox 877 1338 949 1415; x_wconf 89' lang='lat' dir='ltr'>vagi</span> <span class='ocrx_word' id='word_1_71' title='bbox 982 1356 1038 1416; x_wconf 89' lang='lat' dir='ltr'>per</span> <span class='ocrx_word' id='word_1_72' title='bbox 1068 1337 1153 1413; x_wconf 89' lang='lat' dir='ltr'>vias,</span> <span class='ocrx_word' id='word_1_73' title='bbox 1185 1336 1220 1396; x_wconf 94' lang='lat' dir='ltr'>in</span> <span class='ocrx_word' id='word_1_74' title='bbox 1251 1335 1402 1397; x_wconf 91' lang='lat' dir='ltr'>domibus</span> 
     </span>
     <span class='ocr_line' id='line_1_10' title="bbox 279 1434 1402 1515; baseline -0.003 -19"><span class='ocrx_word' id='word_1_75' title='bbox 279 1435 398 1512; x_wconf 91' lang='lat' dir='ltr'>abditi,</span> <span class='ocrx_word' id='word_1_76' title='bbox 420 1455 534 1515; x_wconf 90' lang='lat' dir='ltr'>pacem</span> <span class='ocrx_word' id='word_1_77' title='bbox 556 1456 595 1497; x_wconf 91' lang='lat' dir='ltr'>ne</span> <span class='ocrx_word' id='word_1_78' title='bbox 617 1441 686 1496; x_wconf 92' lang='lat' dir='ltr'>tum</span> <span class='ocrx_word' id='word_1_79' title='bbox 709 1436 842 1515; x_wconf 88' lang='lat' dir='ltr'>quidem</span> <span class='ocrx_word' id='word_1_80' title='bbox 865 1436 1016 1512; x_wconf 89' lang='lat' dir='ltr'>orabant,</span> <span class='ocrx_word' id='word_1_81' title='bbox 1038 1454 1113 1496; x_wconf 91' lang='lat' dir='ltr'>cum</span> <span class='ocrx_word' id='word_1_82' title='bbox 1134 1434 1258 1494; x_wconf 88' lang='lat' dir='ltr'>bellum</span> <span class='ocrx_word' id='word_1_83' title='bbox 1279 1434 1402 1512; x_wconf 89' lang='lat' dir='ltr'>posuis-</span> 
     </span>
     <span class='ocr_line' id='line_1_11' title="bbox 231 1531 1402 1612; baseline -0.005 -16"><span class='ocrx_word' id='word_1_84' title='bbox 231 1543 263 1598; x_wconf 86' lang='lat'>10</span> <span class='ocrx_word' id='word_1_85' title='bbox 281 1540 361 1595; x_wconf 90' lang='lat' dir='ltr'>sent.</span> <span class='ocrx_word' id='word_1_86' title='bbox 401 1534 560 1596; x_wconf 89' lang='lat' dir='ltr'>Primores</span> <span class='ocrx_word' id='word_1_87' title='bbox 597 1540 775 1595; x_wconf 89' lang='lat' dir='ltr'>castrorum</span> <span class='ocrx_word' id='word_1_88' title='bbox 809 1554 930 1595; x_wconf 91' lang='lat' dir='ltr'>nomen</span> <span class='ocrx_word' id='word_1_89' title='bbox 962 1539 1058 1612; x_wconf 90' lang='lat' dir='ltr'>atque</span> <span class='ocrx_word' id='word_1_90' title='bbox 1090 1533 1245 1609; x_wconf 89' lang='lat' dir='ltr'>imagines</span> <span class='ocrx_word' id='word_1_91' title='bbox 1278 1531 1402 1593; x_wconf 89' lang='lat' dir='ltr'>Vitellii</span> 
     </span>
     <span class='ocr_line' id='line_1_12' title="bbox 279 1630 1401 1719; baseline -0.003 -27"><span class='ocrx_word' id='word_1_92' title='bbox 279 1630 496 1719; x_wconf 64' lang='lat' dir='ltr'>amoliuntur,</span> <span class='ocrx_word' id='word_1_93' title='bbox 518 1637 646 1693; x_wconf 88' lang='lat' dir='ltr'>catenas</span> <span class='ocrx_word' id='word_1_94' title='bbox 668 1632 824 1692; x_wconf 85' lang='lat' dir='ltr'>Caecinae</span> <span class='ocrx_word' id='word_1_95' title='bbox 846 1634 937 1709; x_wconf 84' lang='lat' dir='ltr'>(narn</span> <span class='ocrx_word' id='word_1_96' title='bbox 960 1632 1057 1692; x_wconf 89' lang='lat' dir='ltr'>etiam</span> <span class='ocrx_word' id='word_1_97' title='bbox 1079 1637 1157 1691; x_wconf 91' lang='lat' dir='ltr'>tunc</span> <span class='ocrx_word' id='word_1_98' title='bbox 1176 1630 1304 1691; x_wconf 77' lang='lat' dir='ltr'>vinctus</span> <span class='ocrx_word' id='word_1_99' title='bbox 1319 1631 1401 1707; x_wconf 88' lang='lat' dir='ltr'>erat)</span> 
     </span>
     <span class='ocr_line' id='line_1_13' title="bbox 278 1728 1401 1808; baseline -0.002 -18"><span class='ocrx_word' id='word_1_100' title='bbox 278 1730 453 1791; x_wconf 87' lang='lat' dir='ltr'>exsolvunt</span> <span class='ocrx_word' id='word_1_101' title='bbox 490 1736 662 1808; x_wconf 91' lang='lat' dir='ltr'>orantque,</span> <span class='ocrx_word' id='word_1_102' title='bbox 699 1735 737 1789; x_wconf 89' lang='lat' dir='ltr'>ut</span> <span class='ocrx_word' id='word_1_103' title='bbox 774 1748 890 1790; x_wconf 89' lang='lat' dir='ltr'>causae</span> <span class='ocrx_word' id='word_1_104' title='bbox 925 1749 1001 1790; x_wconf 88' lang='lat' dir='ltr'>snae</span> <span class='ocrx_word' id='word_1_105' title='bbox 1032 1728 1219 1807; x_wconf 89' lang='lat' dir='ltr'>deprecator</span> <span class='ocrx_word' id='word_1_106' title='bbox 1251 1728 1387 1788; x_wconf 87' lang='lat' dir='ltr'>adsistat</span> <span class='ocrx_word' id='word_1_107' title='bbox 1394 1748 1401 1804; x_wconf 89' lang='lat'>;</span> 
     </span>
     <span class='ocr_line' id='line_1_14' title="bbox 279 1826 1401 1907; baseline -0.004 -18"><span class='ocrx_word' id='word_1_108' title='bbox 279 1832 506 1907; x_wconf 84' lang='lat' dir='ltr'>aspernantem</span> <span class='ocrx_word' id='word_1_109' title='bbox 547 1832 793 1906; x_wconf 89' lang='lat' dir='ltr'>tumentemque</span> <span class='ocrx_word' id='word_1_110' title='bbox 835 1827 977 1888; x_wconf 87' lang='lat' dir='ltr'>lacrimis</span> <span class='ocrx_word' id='word_1_111' title='bbox 1019 1826 1171 1904; x_wconf 80' lang='lat' dir='ltr'>fatigant,</span> <span class='ocrx_word' id='word_1_112' title='bbox 1220 1834 1401 1887; x_wconf 83' lang='lat' dir='ltr'>extremum</span> 
     </span>
     <span class='ocr_line' id='line_1_15' title="bbox 279 1924 1402 2003; baseline -0.002 -18"><span class='ocrx_word' id='word_1_113' title='bbox 279 1925 460 2002; x_wconf 89' lang='lat' dir='ltr'>malorum,</span> <span class='ocrx_word' id='word_1_114' title='bbox 498 1929 546 1985; x_wconf 90' lang='lat' dir='ltr'>tot</span> <span class='ocrx_word' id='word_1_115' title='bbox 584 1924 750 1986; x_wconf 86' lang='lat' dir='ltr'>fortissimi</span> <span class='ocrx_word' id='word_1_116' title='bbox 783 1926 843 1986; x_wconf 89' lang='lat' dir='ltr'>viri</span> <span class='ocrx_word' id='word_1_117' title='bbox 875 1924 1048 2003; x_wconf 91' lang='lat' dir='ltr'>proditoris</span> <span class='ocrx_word' id='word_1_118' title='bbox 1079 1944 1172 2003; x_wconf 91' lang='lat' dir='ltr'>opem</span> <span class='ocrx_word' id='word_1_119' title='bbox 1206 1925 1402 1985; x_wconf 91' lang='lat' dir='ltr'>invocantes.</span> 
     </span>
     <span class='ocr_line' id='line_1_16' title="bbox 232 2021 1403 2101; baseline -0.003 -17"><span class='ocrx_word' id='word_1_120' title='bbox 232 2034 262 2085; x_wconf 81' lang='lat'>15</span> <span class='ocrx_word' id='word_1_121' title='bbox 281 2023 362 2084; x_wconf 86' lang='lat' dir='ltr'>Mox</span> <span class='ocrx_word' id='word_1_122' title='bbox 380 2021 563 2083; x_wconf 89' lang='lat' dir='ltr'>velamenta</span> <span class='ocrx_word' id='word_1_123' title='bbox 578 2027 610 2083; x_wconf 92' lang='lat' dir='ltr'>et</span> <span class='ocrx_word' id='word_1_124' title='bbox 622 2022 743 2083; x_wconf 86' lang='lat' dir='ltr'>infulas</span> <span class='ocrx_word' id='word_1_125' title='bbox 758 2042 816 2101; x_wconf 92' lang='lat' dir='ltr'>pro</span> <span class='ocrx_word' id='word_1_126' title='bbox 831 2023 933 2082; x_wconf 89' lang='lat' dir='ltr'>muris</span> <span class='ocrx_word' id='word_1_127' title='bbox 948 2027 1120 2083; x_wconf 85' lang='lat' dir='ltr'>ostentant.</span> <span class='ocrx_word' id='word_1_128' title='bbox 1143 2023 1224 2082; x_wconf 90' lang='lat' dir='ltr'>Cum</span> <span class='ocrx_word' id='word_1_129' title='bbox 1241 2022 1403 2082; x_wconf 87' lang='lat' dir='ltr'>Antonius</span> 
     </span>
     <span class='ocr_line' id='line_1_17' title="bbox 280 2119 1404 2197; baseline -0.001 -17"><span class='ocrx_word' id='word_1_130' title='bbox 280 2120 422 2181; x_wconf 86' lang='lat' dir='ltr'>inhiberi</span> <span class='ocrx_word' id='word_1_131' title='bbox 449 2120 514 2181; x_wconf 89' lang='lat' dir='ltr'>tela</span> <span class='ocrx_word' id='word_1_132' title='bbox 540 2120 701 2196; x_wconf 88' lang='lat' dir='ltr'>iussisset,</span> <span class='ocrx_word' id='word_1_133' title='bbox 729 2121 820 2197; x_wconf 90' lang='lat' dir='ltr'>signa</span> <span class='ocrx_word' id='word_1_134' title='bbox 842 2119 1033 2197; x_wconf 87' lang='lat' dir='ltr'>aquilasque</span> <span class='ocrx_word' id='word_1_135' title='bbox 1054 2119 1213 2180; x_wconf 85' lang='lat' dir='ltr'>extulere:</span> <span class='ocrx_word' id='word_1_136' title='bbox 1241 2125 1404 2181; x_wconf 90' lang='lat' dir='ltr'>maestum</span> 
     </span>
     <span class='ocr_line' id='line_1_18' title="bbox 279 2217 1402 2297; baseline -0.002 -19"><span class='ocrx_word' id='word_1_137' title='bbox 279 2218 455 2278; x_wconf 88' lang='lat' dir='ltr'>inermium</span> <span class='ocrx_word' id='word_1_138' title='bbox 493 2236 624 2294; x_wconf 86' lang='lat' dir='ltr'>agmen,</span> <span class='ocrx_word' id='word_1_139' title='bbox 666 2217 797 2278; x_wconf 90' lang='lat' dir='ltr'>deiectis</span> <span class='ocrx_word' id='word_1_140' title='bbox 836 2218 871 2276; x_wconf 91' lang='lat' dir='ltr'>in</span> <span class='ocrx_word' id='word_1_141' title='bbox 909 2222 1026 2278; x_wconf 90' lang='lat' dir='ltr'>terram</span> <span class='ocrx_word' id='word_1_142' title='bbox 1064 2217 1165 2278; x_wconf 92' lang='lat' dir='ltr'>oculis</span> <span class='ocrx_word' id='word_1_143' title='bbox 1200 2218 1402 2297; x_wconf 90' lang='lat' dir='ltr'>sequebatur.</span> 
     </span>
     <span class='ocr_line' id='line_1_19' title="bbox 280 2315 1404 2393; baseline -0.001 -17"><span class='ocrx_word' id='word_1_144' title='bbox 280 2315 562 2377; x_wconf 72' lang='lat' dir='ltr'>circumstiterant</span> <span class='ocrx_word' id='word_1_145' title='bbox 589 2316 725 2376; x_wconf 89' lang='lat' dir='ltr'>victores</span> <span class='ocrx_word' id='word_1_146' title='bbox 750 2320 782 2375; x_wconf 95' lang='lat' dir='ltr'>et</span> <span class='ocrx_word' id='word_1_147' title='bbox 803 2316 909 2393; x_wconf 88' lang='lat' dir='ltr'>primo</span> <span class='ocrx_word' id='word_1_148' title='bbox 931 2315 1119 2392; x_wconf 88' lang='lat' dir='ltr'>ingerebant</span> <span class='ocrx_word' id='word_1_149' title='bbox 1140 2316 1272 2393; x_wconf 86' lang='lat' dir='ltr'>probra,</span> <span class='ocrx_word' id='word_1_150' title='bbox 1301 2316 1404 2375; x_wconf 90' lang='lat' dir='ltr'>inten-</span> 
     </span>
     <span class='ocr_line' id='line_1_20' title="bbox 272 2413 1404 2492; baseline -0.002 -17"><span class='ocrx_word' id='word_1_151' title='bbox 272 2413 395 2475; x_wconf 85' lang='lat' dir='ltr'>tabant</span> <span class='ocrx_word' id='word_1_152' title='bbox 425 2414 524 2474; x_wconf 89' lang='lat' dir='ltr'>ictus:</span> <span class='ocrx_word' id='word_1_153' title='bbox 556 2432 649 2490; x_wconf 84' lang='lat' dir='ltr'>mox,</span> <span class='ocrx_word' id='word_1_154' title='bbox 681 2418 719 2474; x_wconf 92' lang='lat' dir='ltr'>ut</span> <span class='ocrx_word' id='word_1_155' title='bbox 747 2413 893 2492; x_wconf 88' lang='lat' dir='ltr'>praeberi</span> <span class='ocrx_word' id='word_1_156' title='bbox 922 2433 978 2474; x_wconf 91' lang='lat' dir='ltr'>ora</span> <span class='ocrx_word' id='word_1_157' title='bbox 1006 2414 1210 2474; x_wconf 91' lang='lat' dir='ltr'>contumeliis</span> <span class='ocrx_word' id='word_1_158' title='bbox 1239 2418 1270 2474; x_wconf 93' lang='lat' dir='ltr'>et</span> <span class='ocrx_word' id='word_1_159' title='bbox 1298 2414 1404 2492; x_wconf 89' lang='lat' dir='ltr'>posita</span> 
     </span>
     <span class='ocr_line' id='line_1_21' title="bbox 232 2510 1404 2589; baseline 0 -17"><span class='ocrx_word' id='word_1_160' title='bbox 232 2521 262 2577; x_wconf 74' lang='lat'>20</span> <span class='ocrx_word' id='word_1_161' title='bbox 281 2511 371 2585; x_wconf 87' lang='lat' dir='ltr'>omni</span> <span class='ocrx_word' id='word_1_162' title='bbox 393 2510 510 2571; x_wconf 87' lang='lat' dir='ltr'>ferocia</span> <span class='ocrx_word' id='word_1_163' title='bbox 531 2515 648 2571; x_wconf 90' lang='lat' dir='ltr'>cuncta</span> <span class='ocrx_word' id='word_1_164' title='bbox 669 2511 746 2572; x_wconf 90' lang='lat' dir='ltr'>victi</span> <span class='ocrx_word' id='word_1_165' title='bbox 772 2511 993 2589; x_wconf 89' lang='lat' dir='ltr'>patiebantur,</span> <span class='ocrx_word' id='word_1_166' title='bbox 1024 2512 1111 2572; x_wconf 92' lang='lat' dir='ltr'>subit</span> <span class='ocrx_word' id='word_1_167' title='bbox 1132 2512 1309 2573; x_wconf 87' lang='lat' dir='ltr'>recordatio</span> <span class='ocrx_word' id='word_1_168' title='bbox 1331 2511 1404 2572; x_wconf 89' lang='lat' dir='ltr'>illos</span> 
     </span>
     <span class='ocr_line' id='line_1_22' title="bbox 281 2608 1403 2687; baseline -0.001 -17"><span class='ocrx_word' id='word_1_169' title='bbox 281 2628 365 2685; x_wconf 91' lang='lat' dir='ltr'>esse,</span> <span class='ocrx_word' id='word_1_170' title='bbox 397 2608 455 2687; x_wconf 92' lang='lat' dir='ltr'>qui</span> <span class='ocrx_word' id='word_1_171' title='bbox 486 2628 588 2687; x_wconf 91' lang='lat' dir='ltr'>nuper</span> <span class='ocrx_word' id='word_1_172' title='bbox 620 2608 766 2668; x_wconf 88' lang='lat' dir='ltr'>Bedriaci</span> <span class='ocrx_word' id='word_1_173' title='bbox 798 2608 951 2669; x_wconf 91' lang='lat' dir='ltr'>victoriae</span> <span class='ocrx_word' id='word_1_174' title='bbox 984 2614 1225 2687; x_wconf 91' lang='lat' dir='ltr'>temperassent.</span> <span class='ocrx_word' id='word_1_175' title='bbox 1257 2608 1319 2669; x_wconf 82' lang='lat' dir='ltr'>Sed</span> <span class='ocrx_word' id='word_1_176' title='bbox 1347 2609 1403 2670; x_wconf 92' lang='lat' dir='ltr'>ubi</span> 
     </span>
     <span class='ocr_line' id='line_1_23' title="bbox 280 2706 1404 2785; baseline -0.001 -17"><span class='ocrx_word' id='word_1_177' title='bbox 280 2707 419 2768; x_wconf 87' lang='lat' dir='ltr'>Caecina</span> <span class='ocrx_word' id='word_1_178' title='bbox 440 2711 607 2785; x_wconf 86' lang='lat' dir='ltr'>praetexta</span> <span class='ocrx_word' id='word_1_179' title='bbox 628 2706 860 2784; x_wconf 90' lang='lat' dir='ltr'>lictoribusque</span> <span class='ocrx_word' id='word_1_180' title='bbox 881 2707 1031 2784; x_wconf 85' lang='lat' dir='ltr'>insignis,</span> <span class='ocrx_word' id='word_1_181' title='bbox 1053 2706 1177 2767; x_wconf 91' lang='lat' dir='ltr'>dimota</span> <span class='ocrx_word' id='word_1_182' title='bbox 1197 2706 1307 2784; x_wconf 91' lang='lat' dir='ltr'>turba,</span> <span class='ocrx_word' id='word_1_183' title='bbox 1330 2727 1404 2767; x_wconf 92' lang='lat' dir='ltr'>con-</span> 
     </span>
     <span class='ocr_line' id='line_1_24' title="bbox 280 2804 1403 2883; baseline 0.002 -18"><span class='ocrx_word' id='word_1_184' title='bbox 280 2804 333 2865; x_wconf 92' lang='lat' dir='ltr'>sul</span> <span class='ocrx_word' id='word_1_185' title='bbox 346 2804 492 2882; x_wconf 85' lang='lat' dir='ltr'>incessit,</span> <span class='ocrx_word' id='word_1_186' title='bbox 515 2824 660 2865; x_wconf 83' lang='lat' dir='ltr'>exarsere</span> <span class='ocrx_word' id='word_1_187' title='bbox 674 2805 827 2865; x_wconf 85' lang='lat' dir='ltr'>victores:</span> <span class='ocrx_word' id='word_1_188' title='bbox 843 2805 1028 2883; x_wconf 91' lang='lat' dir='ltr'>superbiam</span> <span class='ocrx_word' id='word_1_189' title='bbox 1044 2805 1293 2883; x_wconf 89' lang='lat' dir='ltr'>saevitiamque,</span> <span class='ocrx_word' id='word_1_190' title='bbox 1310 2804 1403 2882; x_wconf 87' lang='lat' dir='ltr'>(adeo</span> 
     </span>
     <span class='ocr_line' id='line_1_25' title="bbox 281 2902 1405 2981; baseline 0 -19"><span class='ocrx_word' id='word_1_191' title='bbox 281 2902 388 2962; x_wconf 90' lang='lat' dir='ltr'>invisa</span> <span class='ocrx_word' id='word_1_192' title='bbox 419 2902 538 2962; x_wconf 88' lang='lat' dir='ltr'>scelera</span> <span class='ocrx_word' id='word_1_193' title='bbox 569 2904 659 2979; x_wconf 82' lang='lat' dir='ltr'>sunt)</span> <span class='ocrx_word' id='word_1_194' title='bbox 691 2902 791 2963; x_wconf 90' lang='lat' dir='ltr'>etiam</span> <span class='ocrx_word' id='word_1_195' title='bbox 824 2902 993 2981; x_wconf 86' lang='lat' dir='ltr'>perfidiam</span> <span class='ocrx_word' id='word_1_196' title='bbox 1024 2902 1238 2963; x_wconf 90' lang='lat' dir='ltr'>obiectabant.</span> <span class='ocrx_word' id='word_1_197' title='bbox 1272 2902 1405 2963; x_wconf 90' lang='lat' dir='ltr'>Obstitit</span> 
     </span>
     <span class='ocr_line' id='line_1_26' title="bbox 233 2999 1333 3079; baseline -0.005 -14"><span class='ocrx_word' id='word_1_198' title='bbox 233 3010 263 3066; x_wconf 77' lang='lat'>25</span> <span class='ocrx_word' id='word_1_199' title='bbox 283 3000 446 3061; x_wconf 86' lang='lat' dir='ltr'>Antonius</span> <span class='ocrx_word' id='word_1_200' title='bbox 468 2999 616 3079; x_wconf 86' lang='lat' dir='ltr'>datisque</span> <span class='ocrx_word' id='word_1_201' title='bbox 637 2999 859 3061; x_wconf 86' lang='lat' dir='ltr'>defensoribus</span> <span class='ocrx_word' id='word_1_202' title='bbox 881 2999 923 3060; x_wconf 90' lang='lat' dir='ltr'>ad</span> <span class='ocrx_word' id='word_1_203' title='bbox 944 3001 1180 3079; x_wconf 87' lang='lat' dir='ltr'>Vespasianum</span> <span class='ocrx_word' id='word_1_204' title='bbox 1202 3000 1333 3060; x_wconf 90' lang='lat' dir='ltr'>dimisit.</span> 
     </span>
     <span class='ocr_line' id='line_1_27' title="bbox 321 3097 1458 3175; baseline 0.001 -17"><span class='ocrx_word' id='word_1_205' title='bbox 321 3098 417 3159; x_wconf 88' lang='lat' dir='ltr'>Plebs</span> <span class='ocrx_word' id='word_1_206' title='bbox 438 3098 568 3158; x_wconf 90' lang='lat' dir='ltr'>interim</span> <span class='ocrx_word' id='word_1_207' title='bbox 590 3098 857 3159; x_wconf 82' lang='lat' dir='ltr'>Cremonensium</span> <span class='ocrx_word' id='word_1_208' title='bbox 879 3098 962 3158; x_wconf 93' lang='lat' dir='ltr'>inter</span> <span class='ocrx_word' id='word_1_209' title='bbox 983 3102 1124 3158; x_wconf 89' lang='lat' dir='ltr'>armatos</span> <span class='ocrx_word' id='word_1_210' title='bbox 1144 3097 1404 3175; x_wconf 73' lang='lat' dir='ltr'>conflictabatur,</span> <span class='ocrx_word' id='word_1_211' title='bbox 1419 3100 1458 3161; x_wconf 80' lang='lat'>32</span> 
     </span>
     <span class='ocr_line' id='line_1_28' title="bbox 283 3194 1404 3276; baseline -0.001 -19"><span class='ocrx_word' id='word_1_212' title='bbox 283 3215 343 3257; x_wconf 91' lang='lat' dir='ltr'>nec</span> <span class='ocrx_word' id='word_1_213' title='bbox 370 3196 483 3276; x_wconf 90' lang='lat' dir='ltr'>procul</span> <span class='ocrx_word' id='word_1_214' title='bbox 512 3194 607 3256; x_wconf 90' lang='lat' dir='ltr'>caede</span> <span class='ocrx_word' id='word_1_215' title='bbox 636 3196 784 3272; x_wconf 90' lang='lat' dir='ltr'>aberant,</span> <span class='ocrx_word' id='word_1_216' title='bbox 815 3215 890 3256; x_wconf 91' lang='lat' dir='ltr'>cum</span> <span class='ocrx_word' id='word_1_217' title='bbox 919 3195 1067 3274; x_wconf 87' lang='lat' dir='ltr'>precibus</span> <span class='ocrx_word' id='word_1_218' title='bbox 1096 3195 1216 3256; x_wconf 90' lang='lat' dir='ltr'>ducum</span> <span class='ocrx_word' id='word_1_219' title='bbox 1238 3196 1404 3272; x_wconf 89' lang='lat' dir='ltr'>mitigatus</span> 
     </span>
     <span class='ocr_line' id='line_1_29' title="bbox 284 3293 1404 3371; baseline -0.002 -16"><span class='ocrx_word' id='word_1_220' title='bbox 284 3299 334 3355; x_wconf 88' lang='lat' dir='ltr'>est</span> <span class='ocrx_word' id='word_1_221' title='bbox 363 3293 466 3355; x_wconf 89' lang='lat' dir='ltr'>miles.</span> <span class='ocrx_word' id='word_1_222' title='bbox 498 3294 541 3354; x_wconf 86' lang='lat' dir='ltr'>Et</span> <span class='ocrx_word' id='word_1_223' title='bbox 567 3298 698 3355; x_wconf 85' lang='lat' dir='ltr'>vocatos</span> <span class='ocrx_word' id='word_1_224' title='bbox 727 3294 767 3354; x_wconf 90' lang='lat' dir='ltr'>ad</span> <span class='ocrx_word' id='word_1_225' title='bbox 798 3294 982 3355; x_wconf 89' lang='lat' dir='ltr'>contionem</span> <span class='ocrx_word' id='word_1_226' title='bbox 1011 3294 1173 3354; x_wconf 84' lang='lat' dir='ltr'>Antonius</span> <span class='ocrx_word' id='word_1_227' title='bbox 1202 3293 1404 3371; x_wconf 88' lang='lat' dir='ltr'>adloquitur,</span> 
     </span>
     <span class='ocr_line' id='line_1_30' title="bbox 282 3390 1403 3469; baseline -0.003 -16"><span class='ocrx_word' id='word_1_228' title='bbox 282 3391 452 3469; x_wconf 87' lang='lat' dir='ltr'>magnifice</span> <span class='ocrx_word' id='word_1_229' title='bbox 466 3392 619 3467; x_wconf 60' lang='lat' dir='ltr'>victores»,</span> <span class='ocrx_word' id='word_1_230' title='bbox 645 3392 744 3452; x_wconf 89' lang='lat' dir='ltr'>victos</span> <span class='ocrx_word' id='word_1_231' title='bbox 759 3392 949 3468; x_wconf 89' lang='lat' dir='ltr'>clementer,</span> <span class='ocrx_word' id='word_1_232' title='bbox 968 3390 1007 3451; x_wconf 92' lang='lat' dir='ltr'>de</span> <span class='ocrx_word' id='word_1_233' title='bbox 1023 3392 1180 3451; x_wconf 88' lang='lat' dir='ltr'>Cremona</span> <span class='ocrx_word' id='word_1_234' title='bbox 1194 3391 1228 3450; x_wconf 94' lang='lat' dir='ltr'>in</span> <span class='ocrx_word' id='word_1_235' title='bbox 1243 3396 1403 3450; x_wconf 91' lang='lat' dir='ltr'>neutrum.</span> 
     </span>
     <span class='ocr_line' id='line_1_31' title="bbox 234 3487 1405 3568; baseline -0.003 -17"><span class='ocrx_word' id='word_1_236' title='bbox 234 3501 264 3557; x_wconf 83' lang='lat'>30</span> <span class='ocrx_word' id='word_1_237' title='bbox 284 3489 454 3551; x_wconf 87' lang='lat' dir='ltr'>Exercitus</span> <span class='ocrx_word' id='word_1_238' title='bbox 482 3494 608 3568; x_wconf 90' lang='lat' dir='ltr'>praeter</span> <span class='ocrx_word' id='word_1_239' title='bbox 635 3489 767 3549; x_wconf 88' lang='lat' dir='ltr'>insitam</span> <span class='ocrx_word' id='word_1_240' title='bbox 796 3489 974 3567; x_wconf 88' lang='lat' dir='ltr'>praedandi</span> <span class='ocrx_word' id='word_1_241' title='bbox 996 3488 1181 3568; x_wconf 90' lang='lat' dir='ltr'>cupidinem</span> <span class='ocrx_word' id='word_1_242' title='bbox 1203 3492 1309 3548; x_wconf 85' lang='lat' dir='ltr'>vetere</span> <span class='ocrx_word' id='word_1_243' title='bbox 1332 3487 1405 3548; x_wconf 92' lang='lat' dir='ltr'>odio</span> 
     </span>
    </p>
   </div>
   <div class='ocr_carea' id='block_1_3' title="bbox 317 3770 1405 3825">
    <p class='ocr_par' dir='ltr' id='par_1_3' title="bbox 317 3770 1405 3825">
     <span class='ocr_line' id='line_1_32' title="bbox 317 3770 1405 3825; baseline -0.004 0"><span class='ocrx_word' id='word_1_244' title='bbox 317 3776 342 3825; x_wconf 88' lang='grc'>4.</span> <span class='ocrx_word' id='word_1_245' title='bbox 368 3782 428 3825; x_wconf 86' lang='lat' dir='ltr'>ante</span> <span class='ocrx_word' id='word_1_246' title='bbox 449 3774 522 3824; x_wconf 87' lang='lat' dir='ltr'>ibant</span> <span class='ocrx_word' id='word_1_247' title='bbox 540 3774 570 3824; x_wconf 93' lang='lat' dir='ltr'>F.</span> <span class='ocrx_word' id='word_1_248' title='bbox 598 3804 629 3810; x_wconf 95' lang='lat'><em>-</em></span> <span class='ocrx_word' id='word_1_249' title='bbox 650 3776 673 3825; x_wconf 68' lang='grc' dir='ltr'>ι’).</span> <span class='ocrx_word' id='word_1_250' title='bbox 700 3773 786 3823; x_wconf 85' lang='lat' dir='ltr'>excisa</span> <span class='ocrx_word' id='word_1_251' title='bbox 805 3773 827 3822; x_wconf 94' lang='lat' dir='ltr'><strong>F</strong></span> <span class='ocrx_word' id='word_1_252' title='bbox 846 3772 944 3823; x_wconf 80' lang='lat' dir='ltr'>excissa</span> <span class='ocrx_word' id='word_1_253' title='bbox 963 3770 1090 3821; x_wconf 79' lang='lat' dir='ltr'>Heraeus.</span> <span class='ocrx_word' id='word_1_254' title='bbox 1120 3800 1151 3808; x_wconf 90' lang='lat'><em>-</em></span> <span class='ocrx_word' id='word_1_255' title='bbox 1172 3772 1196 3823; x_wconf 81' lang='grc'>6.</span> <span class='ocrx_word' id='word_1_256' title='bbox 1222 3771 1296 3821; x_wconf 89' lang='lat' dir='ltr'>inobs</span> <span class='ocrx_word' id='word_1_257' title='bbox 1316 3772 1345 3821; x_wconf 88' lang='lat' dir='ltr'>F.</span> <span class='ocrx_word' id='word_1_258' title='bbox 1372 3801 1405 3807; x_wconf 98' lang='lat'><em>-</em></span> 
     </span>
    </p>
   </div>
   <div class='ocr_carea' id='block_1_4' title="bbox 281 3878 1406 3998">
    <p class='ocr_par' dir='ltr' id='par_1_4' title="bbox 281 3878 1406 3998">
     <span class='ocr_line' id='line_1_33' title="bbox 1343 3878 1355 3911; baseline 0 0"><span class='ocrx_word' id='word_1_259' title='bbox 1343 3878 1355 3911; x_wconf 90' lang='lat' dir='ltr'>s</span> 
     </span>
     <span class='ocr_line' id='line_1_34' title="bbox 281 3924 1406 3998; baseline -0.004 -12"><span class='ocrx_word' id='word_1_260' title='bbox 281 3937 306 3987; x_wconf 78' lang='lat'>7.</span> <span class='ocrx_word' id='word_1_261' title='bbox 326 3941 501 3985; x_wconf 88' lang='lat' dir='ltr'>reuerteretur</span> <span class='ocrx_word' id='word_1_262' title='bbox 518 3934 541 3984; x_wconf 90' lang='lat' dir='ltr'>F</span> <span class='ocrx_word' id='word_1_263' title='bbox 560 3942 705 3984; x_wconf 86' lang='lat' dir='ltr'>uerteretur</span> <span class='ocrx_word' id='word_1_264' title='bbox 723 3933 847 3983; x_wconf 65' lang='lat' dir='ltr'>clarens.</span> <span class='ocrx_word' id='word_1_265' title='bbox 869 3962 902 3969; x_wconf 94' lang='lat'><strong>—</strong></span> <span class='ocrx_word' id='word_1_266' title='bbox 922 3932 946 3985; x_wconf 80' lang='lat'>8.</span> <span class='ocrx_word' id='word_1_267' title='bbox 966 3932 1003 3998; x_wconf 83' lang='lat' dir='ltr'>in]</span> <span class='ocrx_word' id='word_1_268' title='bbox 1024 3949 1075 3982; x_wconf 91' lang='lat' dir='ltr'>non</span> <span class='ocrx_word' id='word_1_269' title='bbox 1096 3932 1197 3982; x_wconf 84' lang='lat' dir='ltr'>Meiser.</span> <span class='ocrx_word' id='word_1_270' title='bbox 1219 3962 1252 3968; x_wconf 90' lang='lat'>—-</span> <span class='ocrx_word' id='word_1_271' title='bbox 1266 3932 1290 3983; x_wconf 75' lang='lat' dir='ltr'>a.</span> <span class='ocrx_word' id='word_1_272' title='bbox 1310 3924 1406 3998; x_wconf 82' lang='lat' dir='ltr'>potuis-</span> 
     </span>
    </p>
   </div>
   <div class='ocr_carea' id='block_1_5' title="bbox 279 4039 1405 4249">
    <p class='ocr_par' dir='ltr' id='par_1_5' title="bbox 279 4039 1405 4249">
     <span class='ocr_line' id='line_1_35' title="bbox 279 4039 1405 4158; baseline -0.003 -13"><span class='ocrx_word' id='word_1_273' title='bbox 279 4102 338 4146; x_wconf 85' lang='lat' dir='ltr'>sent</span> <span class='ocrx_word' id='word_1_274' title='bbox 356 4094 386 4145; x_wconf 91' lang='lat' dir='ltr'>F.</span> <span class='ocrx_word' id='word_1_275' title='bbox 408 4123 440 4131; x_wconf 89' lang='lat'>—</span> <span class='ocrx_word' id='word_1_276' title='bbox 463 4096 503 4145; x_wconf 91' lang='grc'>11.</span> <span class='ocrx_word' id='word_1_277' title='bbox 523 4102 585 4144; x_wconf 89' lang='lat' dir='ltr'>tunc</span> <span class='ocrx_word' id='word_1_278' title='bbox 603 4094 632 4143; x_wconf 88' lang='lat' dir='ltr'>F.</span> <span class='ocrx_word' id='word_1_279' title='bbox 655 4123 686 4130; x_wconf 89' lang='lat'>-</span> <span class='ocrx_word' id='word_1_280' title='bbox 706 4102 780 4144; x_wconf 87' lang='lat' dir='ltr'>erant</span> <span class='ocrx_word' id='word_1_281' title='bbox 799 4094 828 4144; x_wconf 89' lang='lat' dir='ltr'>F.</span> <span class='ocrx_word' id='word_1_282' title='bbox 849 4123 882 4130; x_wconf 92' lang='lat'>-</span> <span class='ocrx_word' id='word_1_283' title='bbox 903 4093 944 4145; x_wconf 86' lang='lat'>13.</span> <span class='ocrx_word' id='word_1_284' title='bbox 964 4100 992 4143; x_wconf 89' lang='lat' dir='ltr'>tu</span> <span class='ocrx_word' id='word_1_285' title='bbox 1012 4096 1098 4158; x_wconf 60' lang='lat' dir='ltr'>ffit6q3</span> <span class='ocrx_word' id='word_1_286' title='bbox 1119 4093 1140 4143; x_wconf 87' lang='lat' dir='ltr'><strong>F</strong></span> <span class='ocrx_word' id='word_1_287' title='bbox 1161 4123 1192 4129; x_wconf 93' lang='lat'><em>-</em></span> <span class='ocrx_word' id='word_1_288' title='bbox 1212 4039 1302 4158; x_wconf 64' lang='lat' dir='ltr'>fatigii</span> <span class='ocrx_word' id='word_1_289' title='bbox 1322 4094 1351 4143; x_wconf 90' lang='lat' dir='ltr'>F.</span> <span class='ocrx_word' id='word_1_290' title='bbox 1373 4122 1405 4130; x_wconf 92' lang='lat'>-</span> 
     </span>
     <span class='ocr_line' id='line_1_36' title="bbox 281 4180 1093 4249; baseline -0.005 -15"><span class='ocrx_word' id='word_1_291' title='bbox 281 4181 325 4236; x_wconf 77' lang='lat'>20.</span> <span class='ocrx_word' id='word_1_292' title='bbox 345 4182 423 4233; x_wconf 89' lang='lat' dir='ltr'>subiit</span> <span class='ocrx_word' id='word_1_293' title='bbox 441 4182 522 4249; x_wconf 83' lang='lat' dir='ltr'>Nipp.</span> <span class='ocrx_word' id='word_1_294' title='bbox 542 4212 576 4219; x_wconf 97' lang='lat'><em>-</em></span> <span class='ocrx_word' id='word_1_295' title='bbox 596 4180 638 4234; x_wconf 70' lang='lat'>2²3.</span> <span class='ocrx_word' id='word_1_296' title='bbox 659 4182 846 4247; x_wconf 83' lang='lat' dir='ltr'>saeuitiamque</span> <span class='ocrx_word' id='word_1_297' title='bbox 867 4180 981 4249; x_wconf 68' lang='lat' dir='ltr'>(atquc)</span> <span class='ocrx_word' id='word_1_298' title='bbox 1001 4181 1093 4231; x_wconf 77' lang='lat' dir='ltr'>Rider.</span> 
     </span>
    </p>
   </div>
   <div class='ocr_carea' id='block_1_6' title="bbox 0 0 1712 4909">
    <p class='ocr_par' dir='ltr' id='par_1_6' title="bbox 0 0 1712 4909">
     <span class='ocr_line' id='line_1_37' title="bbox 0 0 1712 4909; baseline 0 0"><span class='ocrx_word' id='word_1_299' title='bbox 0 0 1712 4909; x_wconf 95' lang='lat' dir='ltr'> </span> 
     </span>
    </p>
   </div>
  </div>
 </body>
</html>
