3409 4909
259 460 343 511 .Ch.
365 460 413 526 69)
588 477 815 521 Hrsronmnuru
835 460 895 522 IV.
919 460 1046 521 14-16.
1319 460 1376 521 165

259 645 430 725 tatimque
460 647 570 708 accitis
602 647 712 708 Frisiis
744 647 1007 725 (Transrhenana
1037 664 1114 723 gens
1146 648 1208 723 est)
1237 646 1377 708 duarum

259 741 438 804 cohortium
468 743 619 823 hiberna,
658 744 807 824 proxima
840 745 984 820 Oceano,
1020 748 1177 822 occupata
1208 744 1375 824 inrumpit.

259 839 320 902 Nec
345 842 571 920 praeviderant
591 844 751 922 impetum
772 842 917 903 hostium
939 842 1074 919 milites,
1103 861 1177 919 nec,
1206 843 1233 903 si
1254 844 1377 922 praevi-

259 937 393 1017 dissent,
425 940 503 1001 satis
534 941 654 1003 virium
686 939 727 1001 ad
758 939 935 1001 arcendum
967 943 1050 1000 erat:
1086 944 1182 1018 capta
1212 940 1310 1017 igitur
1340 960 1377 1001 ac

259 1033 381 1117 direpta
402 1043 514 1100 castra.
538 1039 620 1100 Dein
641 1058 738 1116 vagos
759 1044 791 1099 et
812 1038 900 1117 pacis
922 1036 1020 1098 modo
1041 1037 1160 1099 effusos
1181 1038 1264 1098 lixas
1284 1057 1377 1115 nego·

261 1133 449 1215 tiatoresque
482 1136 644 1198 Romanos
672 1134 849 1213 invadunt;
883 1135 981 1196 simul
1009 1135 1143 1196 excidiis
1171 1135 1377 1196 castellorum

263 1229 486 1309 imminebant;
509 1252 591 1311 quae
612 1253 631 1294 a
652 1232 821 1312 praefectis
843 1232 1026 1294 cohortium
1040 1233 1171 1293 incensa
1186 1239 1278 1311 sunt,
1301 1234 1378 1313 quia

268 1325 387 1390 defendi
413 1330 600 1410 nequibant.
629 1330 726 1408 Signa
754 1330 954 1409 vexillaque,
983 1335 1014 1391 et
1041 1330 1129 1409 quod
1156 1330 1314 1408 militum,
1343 1330 1377 1391 in

269 1426 454 1504 superiorem
482 1427 606 1488 insulae
634 1433 760 1507 partem
781 1433 1030 1506 congregantur,
1059 1427 1140 1488 duce
1161 1427 1294 1506 Aquilio
1315 1428 1377 1506 pri-

269 1522 414 1603 mipilari,
435 1544 554 1586 nomen
574 1526 676 1603 magis
698 1527 856 1588 exercitus
872 1546 970 1606 quam
985 1526 1096 1587 robur:
1119 1526 1239 1605 quippe
1254 1525 1377 1587 viribus

269 1619 438 1684 cohortium
466 1623 613 1685 abductis
643 1624 793 1685 Vitellius
815 1644 832 1685 e
853 1624 1010 1704 proximis
1032 1624 1224 1686 Nerviorum
1247 1623 1377 1685 Germa-

269 1733 436 1801 norumque
455 1721 551 1801 {pagis
573 1741 702 1799 segnem
724 1742 897 1783 numerum
919 1722 1017 1782 armis
1039 1726 1236 1784 oneraverat.
1264 1721 1377 1783 Civilis
1392 1723 1430 1784 16

269 1811 334 1879 dolo
369 1819 579 1896 grassandum
618 1825 707 1882 ratus
745 1821 908 1881 incusavit
941 1821 1026 1881 ultro
1057 1820 1249 1900 praefectos,
1289 1820 1377 1900 quod

269 1916 388 1977 castella
413 1917 642 1979 deseruissent:
671 1938 739 1979 sese
761 1937 836 1979 cum
858 1918 1004 1994 cohorte,
1033 1919 1085 1978 oui
1106 1923 1267 1996 praeerat,
1296 1918 1378 1979 Can-

262 2007 432 2076 'ninefatem
453 2015 634 2077 tumultum
654 2035 930 2095 compressurum;
952 2014 1001 2075 illi
1016 2034 1075 2075 sua
1089 2015 1227 2094 quisque
1242 2015 1378 2076 hiberna

267 2116 443 2189 repeterent.
475 2112 612 2174 Subesse
643 2112 790 2174 fraudem
820 2112 954 2174 consilio
983 2118 1013 2173 et
1042 2111 1202 2191 dispersas
1231 2112 1377 2172 cohortes

265 2201 383 2270 facilius
419 2212 575 2290 opprimi,
612 2231 671 2273 nec
708 2212 907 2272 Brinnonem
942 2211 1057 2272 ducem
1090 2212 1158 2272 eius
1189 2210 1282 2288 belli,
1321 2209 1377 2272 sed
1460 2249 1463 2255 -

268 2302 394 2368 Civilem
422 2327 489 2369 esse
517 2311 637 2388 patuit,
667 2309 912 2389 erumpentibus
940 2308 1099 2388 paulatim
1120 2308 1265 2379 indiciis,
1295 2328 1377 2388 quae

267 2401 426 2485 Germani,
464 2406 549 2468 laeta
585 2408 671 2468 hello
708 2427 798 2485 gens,
836 2427 903 2469 non
934 2406 990 2467 diu
1022 2407 1271 2468 occultaverant.
1315 2406 1377 2467 Ubi

265 2497 393 2565 insidiae
424 2523 539 2582 parum
570 2524 705 2583 cessere,
737 2504 779 2565 ad
810 2504 877 2566 vim
906 2509 1122 2580 transgressus
1150 2503 1377 2564 Canninefates

266 2593 375 2662 Frisios
397 2601 536 2663 Batavos
557 2602 694 2681 propriis
715 2603 825 2663 cuneis
847 2603 1022 2681 componit.
1045 2602 1180 2663 Derecta
1196 2620 1237 2661 ex
1251 2600 1377 2662 diverso

267 2696 340 2758 scies
368 2697 457 2759 haud
484 2699 597 2778 procul
625 2719 644 2760 a
672 2699 807 2761 flumine
835 2701 950 2761 Rheno
978 2704 1010 2761 et
1031 2699 1174 2761 obversis
1195 2699 1229 2759 in
1250 2698 1377 2760 hostem

267 2794 410 2874 navibus,
442 2815 522 2875 quas
550 2797 689 2858 incensis
717 2798 858 2859 castellis
887 2797 966 2858 illuc
994 2796 1195 2876 adpulerant.
1227 2796 1293 2857 Nec
1321 2795 1377 2856 diu

268 2898 376 2955 certato
404 2894 608 2972 Tungrorum
629 2896 742 2957 cohors
763 2896 855 2974 signa
876 2896 918 2957 ad
939 2895 1077 2957 Civilem
1098 2893 1280 2955 transtulit:
1309 2914 1378 2972 per-

268 2988 401 3071 culsique
432 2992 552 3054 milites
583 2993 748 3072 inprovisa
779 2993 962 3072 proditione
992 3012 1012 3053 a
1043 2993 1137 3054 sociis
1165 2992 1377 3070 hostibusque

269 3087 481 3150 caedebantur.
496 3089 620 3151 Eadem
631 3091 729 3152 etiam
741 3091 813 3169 <in>
825 3090 964 3152 navibus
976 3090 1119 3170 perfidia:
1135 3109 1208 3169 pars
1220 3090 1377 3167 remigum

270 3199 284 3242 e
306 3184 432 3247 Batavis
459 3192 629 3267 tamquam
656 3188 807 3268 inperitia
835 3188 943 3249 officia
966 3193 1140 3248 nautarum
1162 3192 1378 3266 propugnato-

269 3298 394 3363 rumque
422 3285 646 3365 inpediebant;
675 3305 755 3346 mox
782 3291 894 3347 contra
914 3284 1045 3347 tendere
1067 3290 1099 3346 et
1119 3304 1245 3364 puppes
1267 3283 1377 3345 hostili

269 3377 346 3458 ripae
373 3381 512 3459 obicere3
541 3382 582 3443 ad
610 3387 809 3461 postremum
837 3383 1066 3460 gubernatores
1095 3383 1376 3461 centurionesque,

269 3529 417 3542 ᾖ

298 3637 318 3687 l.
342 3636 427 3687 ascitis
450 3637 594 3688 Acidalia.
622 3667 654 3675 -
673 3637 698 3689 2.
722 3639 843 3704 proxima
861 3638 979 3703 Oceano,
1005 3647 1129 3705 occupata
1147 3639 1272 3704 inrumpit
1290 3639 1379 3706 scripsi

263 3725 376 3790 proxima
399 3728 428 3791 (a
453 3727 480 3776 ia
503 3743 518 3777 o
541 3734 600 3778 mat.
627 3734 649 3777 ct
675 3728 701 3777 in
725 3746 772 3794 της).
793 3729 851 3779 cdd.
872 3745 915 3779 mo
934 3746 965 3778 m.
985 3727 1012 3793 2)
1031 3736 1156 3794 occupata
1174 3744 1268 3779 oceano
1287 3728 1335 3778 inr.
1356 3727 1378 3777 F

261 3813 391 3881 (occupatu
418 3814 490 3881 Lips.
515 3825 667 3881 occupatum
695 3815 881 3881 Weissenborn)
905 3824 1028 3883 occupata
1052 3819 1070 3867 i.
1097 3836 1117 3868 c.
1137 3818 1167 3867 de
1186 3817 1316 3883 inprouiso
1335 3835 1378 3883 op·

259 3919 340 3970 pressa
359 3906 389 3969 cf.
410 3904 459 3956 IV.
479 3902 504 3955 2.
521 3922 549 3971 p.
571 3903 673 3957 12423.
695 3934 727 3943 -—
747 3906 772 3958 3.
791 3905 966 3972 prouidissent
985 3906 1015 3956 F.
1037 3908 1125 3957 -11.
1145 3905 1379 3972 Gugernorumquc

259 3991 337 4045 Ritter
355 3994 386 4060 ej.
408 3990 503 4045 17229
522 3992 740 4059 Tungrorumque
758 3993 886 4045 Heracus.
907 4024 941 4031 -
962 3994 1003 4047 18.
1023 4012 1077 4046 csse
1095 3996 1150 4046 cdd.
1169 4012 1219 4061 seq.
1230 3994 1284 4045 cius
1293 3995 1323 4045 F.
1344 4024 1377 4033 —

259 4079 295 4133 2‘2.
315 4082 351 4150 et]
372 4090 410 4132 est
429 4080 542 4148 Madvip.
564 4110 597 4118 -
616 4080 658 4134 23.
678 4083 752 4150 quas]
772 4083 846 4149 quasi
864 4083 895 4134 F.
915 4113 948 4120 —
968 4081 1011 4136 26.
1030 4083 1058 4133 in
1078 4084 1137 4134 add.
1160 4082 1255 4134 Wana.
1276 4080 1386 4152 (etin)

259 4172 344 4225 uitur.
367 4200 400 4208 -
420 4170 557 4236 remigium
576 4170 606 4221 F.
627 4202 659 4208 —
679 4169 721 4222 27.
742 4180 821 4223 nauto
834 4169 837 4241 l
849 4189 908 4223 rum
927 4172 958 4223 F.
