3409 4909
279 497 306 546 p.
328 480 377 531 Ch.
398 480 443 546 69)
631 497 859 540 nrsroarsnun
881 480 907 539 I.
929 479 1056 540 31-36.
1080 508 1083 515 ·
1368 482 1406 542 19

280 665 328 725 cel
358 665 386 724 ei
416 664 519 725 cadere
549 684 658 726 maesse
687 665 742 742 ait,
774 665 985 727 aeramendum
1013 666 1200 727 discrimini:
1232 667 1267 727 id
1296 667 1406 728 Othoni

280 762 465 823 ‘invidiosae
495 771 522 823 ct
552 764 627 841 ipsis
654 763 815 824 tenatiam.
849 764 1096 842 Repugnantem
1124 764 1200 826 huic
1228 765 1405 825 sententiae

282 860 421 921 Vinium
458 861 543 921 Laco
573 861 741 923 minaciter
772 861 909 938 invasit,
948 861 1136 923 stimulante
1168 860 1254 923 Icelo
1287 862 1405 941 privati

281 958 351 1019 odii
389 959 566 1037 pertinacia
599 960 634 1019 in
665 958 833 1038 publicum
864 959 1011 1019 exitium.
1050 958 1115 1019 Nec
1146 958 1268 1020 diutius
1302 960 1406 1021 Galba
1420 962 1460 1023 34

240 1069 260 1119 5
281 1060 456 1116 cunctatus
476 1057 670 1135 speciosiora
690 1056 901 1118 suadentibus
916 1056 1058 1117 accessit.
1081 1057 1280 1118 Praemissus
1295 1062 1404 1117 tamen
1427 1067 1430 1074 “

282 1154 318 1213 in
348 1158 452 1215 castra
480 1155 553 1215 Piso
580 1139 618 1215 ut
642 1155 768 1216 iuvenis
790 1174 908 1232 magno
929 1155 1074 1232 nomine,
1104 1156 1224 1216 recenti
1245 1154 1354 1217 favore
1375 1160 1407 1217 et

282 1251 431 1313 infensus
458 1253 532 1314 Tito
554 1253 666 1330 Vinio,
694 1272 751 1314 seu
773 1254 850 1332 quia
871 1259 955 1331 erat,
983 1272 1039 1314 seu
1061 1254 1137 1332 quia
1159 1254 1232 1313 irati
1253 1254 1300 1314 ita
1321 1253 1407 1315 vole-

282 1350 365 1411 bant
385 1357 418 1411 et
438 1349 564 1411 facilius
586 1351 625 1412 de
646 1351 721 1413 odio
742 1351 890 1412 creditur.

325 1447 472 1507 Vixdum
493 1467 617 1525 egresso
639 1449 754 1510 Pisone
775 1449 918 1510 occisum
938 1450 972 1508 in
994 1449 1106 1509 castris
1128 1449 1291 1510 Othonem
1304 1468 1404 1525 vagus

232 1559 262 1613 [0
282 1545 428 1625 primum
456 1551 488 1606 ct
514 1546 655 1607 incertus
676 1566 801 1623 rum0r;
831 1566 923 1624 mox,
953 1547 1045 1608 utin
1066 1547 1192 1625 magnis
1213 1547 1405 1626 mendaciis,

283 1642 469 1703 interfuisse
497 1664 530 1704 se
558 1644 692 1723 quidam
713 1650 746 1705 et
765 1643 886 1705 vidisse
907 1644 1139 1722 adfirmabant,
1168 1644 1298 1706 credula
1319 1646 1407 1706 fama

282 1740 368 1801 inter
395 1740 572 1818 gaudentes
599 1748 631 1803 et
651 1743 838 1803 incuriosos.
869 1742 965 1802 Multi
987 1742 1228 1803 arbitrabantur
1249 1744 1406 1822 composi-

282 1844 356 1900 tum
388 1844 586 1918 auctumque
616 1859 777 1900 rumorem
806 1840 918 1901 mixtis
947 1840 1012 1899 iarn
1042 1839 1249 1918 Othonianis,
1281 1841 1335 1919 qui
1365 1841 1406 1901 ad

274 1935 488 1998 'evocandum
516 1937 654 1998 Galbam
682 1938 767 1998 laeta
795 1938 876 1999 falso
898 1938 1106 2015 volgaverint.
1139 1938 1222 1998 Tum
1245 1958 1319 2000 vero
1340 1959 1405 2000 non
1421 1940 1459 2002 35

232 2051 262 2101 15
282 2033 426 2114 populus
455 2039 584 2095 tantum
612 2040 644 2096 et
671 2035 821 2114 imperita
849 2035 940 2114 plebs
968 2036 1003 2095 in
1031 2036 1165 2114 plausus
1192 2042 1224 2097 et
1244 2037 1406 2098 inmodica

283 2130 409 2208 studia,
442 2130 498 2192 sed
529 2133 677 2211 equitum
708 2133 853 2212 plerique
885 2153 922 2194 ao
950 2135 1151 2210 senatorum,
1184 2135 1288 2212 posito
1317 2142 1407 2197 metu

282 2230 421 2306 incauti,
453 2229 596 2291 refractis
628 2230 745 2291 Palatii
773 2230 896 2291 foribus
923 2251 1015 2292 ruere
1043 2232 1131 2293 intus
1159 2252 1195 2293 ac
1223 2253 1256 2293 se
1285 2233 1406 2294 Galbae

282 2333 461 2404 ostentare,
484 2334 687 2407 praereptam
708 2329 769 2390 sibi
790 2329 949 2390 ultionem
971 2335 1155 2409 querentes,
1178 2331 1406 2407 ignavissimus

282 2426 423 2505 quisque
452 2431 499 2503 et,
526 2432 564 2487 ut
590 2446 639 2487 res
668 2426 794 2505 docuit,
822 2428 857 2486 in
886 2427 1027 2506 periculo
1055 2447 1121 2488 non
1149 2447 1285 2488 ausurus
1313 2429 1406 2488 nimii

232 2537 265 2591 20
282 2524 407 2601 verbis,
440 2523 569 2601 linguae
601 2524 731 2601 ferocis,
764 2544 860 2585 nemo
892 2526 987 2601 scire,
1021 2530 1052 2586 et
1079 2545 1190 2586 omnes
1220 2525 1405 2603 adfirmare,

284 2621 387 2683 donec
425 2622 536 2700 inopia
574 2622 640 2683 veri
679 2627 711 2682 ct
741 2642 899 2683 consensu
931 2623 1107 2682 errantium
1139 2623 1244 2683 victus
1276 2629 1406 2700 sumpto

283 2720 416 2782 thorace
445 2721 564 2799 Galba,
592 2722 733 2782 inruenti
761 2721 874 2782 turbae
899 2739 1003 2799 neque
1024 2725 1127 2780 aetate
1149 2739 1254 2798 neque
1275 2738 1406 2797 corpore

284 2819 453 2896 resistens,
482 2818 561 2880 sella
587 2819 757 2881 levaretur.
787 2819 910 2880 Obvius
939 2819 972 2878 in
1001 2817 1124 2878 Palatio
1152 2817 1256 2877 Iulius
1278 2818 1405 2878 Atticus

284 2915 484 2995 speculator,
506 2922 676 2977 cruentum
696 2915 842 2993 gladium
864 2920 1044 2992 ostentam,
1067 2916 1209 2975 occisum
1225 2935 1244 2975 a
1260 2934 1292 2975 se
1307 2914 1406 2976 Otho-

233 3026 267 3079 ‘25
284 3033 360 3075 nem
392 3014 589 3075 exclamavit
596 3034 603 3090 ;
635 3018 667 3075 et
699 3013 802 3074 Galba
832 3013 1018 3089 Omnrnilito,
1050 3013 1172 3091 inquit,
1203 3014 1270 3090 qun
1297 3013 1407 3073 larsa?

285 3111 403 3189 insigni
426 3112 535 3172 animo
557 3110 598 3172 ad
620 3105 827 3172 coercendam
850 3110 1023 3171 militarem
1046 3110 1226 3187 licentiam,
1255 3110 1406 3170 minanti·

284 3207 345 3270 bus
366 3209 565 3288 intrepidus,
587 3209 741 3271 adversus
762 3208 965 3271 blandientes
986 3208 1200 3286 incorruptae.

261 3367 264 3375 ,
325 3306 426 3367 Haud
455 3306 572 3368 dubiae
599 3307 665 3367 iam
693 3307 728 3367 in
756 3306 869 3367 castris
890 3306 1036 3366 omnium
1059 3311 1198 3380 mentes3
1232 3310 1407 3382 tantusque
1421 3319 1459 3380 36

287 3403 396 3482 ardor,
418 3409 543 3465 utnon
563 3405 705 3465 contenti
728 3403 855 3481 agmine
877 3409 909 3463 et
930 3401 1115 3479 corporibus
1134 3403 1169 3460 in
1183 3406 1350 3478 suggestu,
1373 3403 1406 3461 in

244 3515 271 3570 30
287 3519 350 3580 quo
379 3501 479 3580 paulo
507 3507 581 3561 ante
609 3520 706 3561 aurea
734 3500 856 3561 Galbae
879 3506 985 3561 statua
1006 3499 1128 3571 fuerat,
1157 3499 1302 3559 medium
1324 3499 1407 3559 inter

288 3599 377 3677 signa
400 3598 565 3660 Othonem
585 3598 714 3659 vexillis
736 3596 982 3659 circumdarent.
1010 3598 1076 3657 Nec
1097 3597 1235 3657 tribunis
1257 3601 1314 3657 aut
1335 3615 1406 3657 cen-

287 3696 470 3760 turionibus
505 3695 645 3757 adeundi
676 3696 782 3771 locus:
820 3696 981 3773 gregarius
1013 3695 1106 3755 miles
1138 3695 1243 3756 caveri
1275 3695 1406 3773 insuper

288 3796 486 3875 praepositos
513 3794 654 3855 iubebat.
682 3793 827 3872 Strepere
853 3798 970 3853 cuncta
991 3792 1185 3852 clamoribus
1207 3796 1239 3852 et
1259 3790 1406 3852 tumultu

288 3932 446 3942 ξ·-

233 3993 234 3998 ¹
321 4012 361 4065 12.
382 4012 473 4062 multa
493 4041 527 4049 --
548 4011 589 4063 16.
608 4010 694 4061 studia
713 4009 848 4080 (effundi)
868 4010 959 4061 altar.
984 4040 1013 4047 —
1029 4008 1071 4062 20.
1091 4009 1182 4059 ferocis
1196 4009 1405 4075 Fferocescalqo

290 4117 338 4153 ram
346 4101 448 4169 Lipsio.
469 4129 502 4137 -
513 4098 556 4151 21.
575 4100 727 4167 errantium]
738 4099 899 4151 hortantium
911 4097 1008 4150 Oorncl.
1026 4128 1057 4135 -
1068 4097 1111 4149 ⁶22.
1122 4098 1253 4164 ingruenti
1263 4098 1361 4149 Nocet.
1372 4126 1405 4135 -

290 4187 327 4243 23.
346 4191 469 4243 resistens
487 4188 604 4240 Factam
622 4188 713 4239 sistens
731 4190 762 4240 F.
784 4219 816 4225 —
836 4187 878 4240 28.
899 4187 973 4261 dube.

1267 4274 1298 4325 ⁴2*
