3409 4909
339 472 398 533 154
763 491 904 534 conusar
925 491 1036 534 racrrr
1313 476 1348 542 (a.
1368 494 1394 527 u.
1413 475 1463 530 822

337 658 534 720 testudinem
555 665 716 721 tormenta
737 679 864 737 aggeres
886 660 1049 741 facesque,
1079 661 1240 741 quidquid
1262 666 1310 722 tot
1333 661 1463 741 proeliis

336 756 456 818 laboris
477 777 514 820 ac
535 757 669 836 periculi
690 757 889 836 hausissent,
918 777 1012 837 opere
1033 757 1090 819 illo
1112 760 1334 820 consummari
1355 759 1464 821 clami-

338 860 451 915 tantes.
473 855 592 916 Urbem
609 856 735 917 senatui
749 875 786 916 ac
801 855 923 936 populo
938 856 1101 932 Romano,
1116 857 1240 937 templa
1255 857 1304 919 dis
1319 857 1463 919 reddita:

337 953 506 1031 proprium
533 972 602 1014 esse
623 954 736 1014 mih'tis
757 953 855 1015 decus
876 954 911 1015 in
932 956 1060 1032 castris;
1089 954 1180 1015 illam
1202 956 1360 1034 patriam,
1389 955 1463 1016 illos

337 1055 485 1128 penates,
514 1051 548 1111 ni
575 1051 686 1111 statim
713 1052 925 1131 recipiantur,
954 1058 1082 1113 noctem
1109 1054 1144 1113 in
1172 1054 1271 1114 armis
1292 1053 1493 1130 agendamt

338 1147 457 1208 Contra
495 1148 678 1225 Vitelliani,
716 1169 917 1229 quamquam
955 1170 1091 1212 numero
1130 1151 1261 1230 fatoque
1299 1151 1463 1230 dispares,

337 1245 517 1323 inquietare
545 1246 730 1325 rictoriam,
758 1248 878 1308 morari
899 1266 1029 1326 pacem,
1058 1248 1171 1309 domos
1193 1268 1330 1328 arasque
1352 1268 1464 1310 cruore

337 1342 480 1420 foedare3
502 1363 653 1423 suprema
674 1344 768 1406 victis
789 1345 909 1405 solacia
931 1345 1218 1424 amplectebantur.
1249 1346 1347 1407 Multi
1369 1348 1464 1408 semi-

337 1442 460 1502 animes
488 1461 584 1520 super
611 1447 714 1503 turres
742 1448 775 1503 et
801 1443 1045 1522 propugnacula
1072 1444 1239 1505 moenium
1263 1445 1463 1523 expiravero.

338 1538 509 1601 Convulsis
540 1540 641 1618 portis
672 1540 815 1620 reliquus
847 1542 961 1619 globus
993 1542 1112 1603 obtulit
1142 1562 1175 1603 se
1206 1542 1385 1604 victoribus
1392 1564 1399 1621 ;
1433 1549 1465 1605 et
1481 1553 1508 1607 10

337 1637 478 1699 cecidere
506 1657 617 1699 omnes
646 1639 813 1699 contrariis
841 1639 1044 1717 volneribus,
1077 1639 1160 1701 versi
1187 1640 1222 1699 in
1250 1640 1399 1701 hostem:
1429 1661 1465 1702 ea

337 1753 414 1796 cura
434 1736 532 1796 etiam
554 1736 765 1797 morientibus
787 1736 893 1798 decori
916 1738 1022 1798 exitus
1045 1737 1116 1798 fuit.

378 1833 529 1893 Vitellius
558 1839 653 1913 capta
680 1834 759 1895 urbe
780 1854 836 1913 per
858 1854 1004 1897 aversam
1027 1835 1144 1915 Palatii
1164 1840 1289 1914 partem
1314 1837 1465 1914 [Aventi-

337 1933 432 2007 num]
454 1930 489 1991 in
509 1931 643 1992 domurn
666 1932 776 1993 uxoris
798 1931 913 1992 sellula
935 1932 1092 2010 defertur,
1114 1938 1166 2009 ut,
1189 1933 1215 1992 si
1236 1932 1325 1993 diem
1339 1932 1466 1994 latebra

337 2028 520 2108 vitavisset,
552 2030 759 2090 Tarracinam
791 2029 834 2090 ad
865 2030 1011 2091 cohortes
1040 2030 1236 2110 fratremque
1264 2030 1464 2109 perfugeret;
1483 2043 1511 2095 15

337 2125 411 2185 dein
440 2127 621 2187 mobilitate
649 2128 785 2205 ingenii,
817 2132 849 2189 et
877 2147 960 2207 quae
987 2132 1105 2188 natura
1132 2128 1260 2207 pavoris
1288 2134 1354 2204 est,
1389 2147 1465 2190 cum

337 2225 447 2285 omnia
467 2225 625 2286 metuenti
646 2225 827 2304 praesentia
847 2225 991 2286 maxime
1006 2224 1225 2304 displicerent,
1247 2225 1282 2285 in
1298 2225 1466 2286 Palatium

337 2321 513 2399 regreditur
540 2327 670 2383 vastum
698 2321 941 2401 desertumque,
971 2321 1104 2400 dilapsis
1133 2322 1231 2382 etiam
1256 2321 1381 2383 infimis
1404 2342 1465 2384 ser·

338 2419 490 2481 vitiorum
513 2424 570 2479 aut
590 2438 759 2479 occursum
781 2419 849 2479 eius
871 2419 1118 2480 declinantibus.
1141 2419 1250 2480 Terret
1271 2420 1420 2482 solitudo
1434 2426 1465 2481 et

337 2521 478 2578 tacentes
502 2516 580 2593 loci,
608 2522 748 2595 temptat
769 2517 894 2595 clausa,
924 2518 1115 2579 inhorrescit
1138 2517 1262 2594 vacuis3
1291 2517 1465 2598 fessusque
1482 2529 1514 2585 20

337 2615 454 2675 misero
482 2633 585 2675 errore
613 2618 645 2674 et
671 2614 823 2692 pudenda
851 2613 975 2675 latebra
1002 2620 1104 2675 semet
1124 2614 1289 2675 occultans
1310 2614 1352 2675 ab
1377 2615 1464 2678 Iulio

338 2712 484 2789 Placide,
506 2711 636 2773 tribuno
657 2712 813 2789 cohortiS,
835 2712 1044 2791 protrahitur.
1070 2713 1207 2773 Vinctae
1228 2732 1313 2791 pone
1333 2716 1465 2791 tergum

338 2828 469 2886 manus;
512 2808 634 2869 laniata
671 2814 774 2886 veste,
817 2809 949 2870 foedum
988 2809 1225 2890 spectaculum,
1264 2809 1464 2889 ducebatur,

337 2908 449 2967 multis
475 2908 732 2986 increpantibus,
761 2908 852 2969 nullo
874 2908 1115 2969 inlacrimante:
1145 2908 1332 2969 deformitas
1354 2910 1465 2971 exitus

337 3006 590 3066 misericordiam
628 3006 814 3067 abstulerat.
853 3006 976 3068 Obvius
1016 3026 1032 3067 e
1070 3007 1268 3068 Germanicis
1300 3006 1465 3070 militibus
1483 3020 1515 3075 25

337 3104 507 3164 Vitellium
534 3104 650 3164 infesto
678 3105 745 3165 ictu
773 3124 829 3184 per
849 3105 947 3180 iram,
976 3104 1029 3166 vel
1050 3124 1116 3184 quo
1138 3105 1297 3165 maturius
1318 3104 1465 3168 ludibrio

337 3203 506 3276 eximeret,
538 3222 580 3261 an
611 3202 780 3263 tribunum
808 3201 995 3281 adpetierit,
1028 3202 1063 3262 in
1088 3203 1210 3263 incerto
1238 3202 1316 3263 fuit:
1348 3223 1465 3264 aurem

283 3300 459 3365 ascribunt
480 3301 664 3377 amputavit
685 3318 722 3359 ac
742 3300 853 3359 statim
876 3299 1042 3361 confossus
1063 3304 1119 3360 est.
1141 3299 1312 3360 Vitellium
1334 3300 1465 3363 infestis

337 3397 545 3457 mucronibus
567 3400 714 3458 coactum
736 3396 833 3458 modo
856 3398 973 3474 erigere
995 3416 1030 3457 os
1052 3402 1084 3457 et
1105 3397 1217 3458 offerre
1239 3399 1464 3476 contumeliis,

336 3514 423 3555 nunc
451 3494 601 3555 cadentes
629 3499 751 3555 statuas
781 3514 872 3572 suas,
900 3494 1093 3574 plerumque
1120 3499 1223 3556 rostra
1251 3499 1309 3555 aut
1336 3495 1464 3558 Galbae
1482 3508 1515 3563 30

336 3593 432 3653 occisi
459 3592 567 3654 locum
596 3593 757 3670 contueri,
785 3598 948 3672 postremo
978 3592 1019 3653 ad
1048 3593 1237 3670 Gemonias,
1264 3592 1321 3654 ubi
1342 3612 1463 3674 corpus

374 3856 395 3905 l.
425 3871 544 3919 aggerem
569 3854 660 3905 Rittcr.
685 3855 814 3919 falcesque
839 3854 899 3905 olim
924 3855 1014 3905 Rider.
1045 3885 1078 3891 -
1098 3853 1122 3905 2.
1151 3852 1334 3925 consulmari.
1365 3886 1399 3895 —
1421 3858 1461 3911 13.

338 3942 517 4009 [Auentinum]
538 3943 637 3992 seclusit
655 3942 736 4009 Nr'pp.
757 3942 839 3992 Halm
858 3944 886 4008 ef.
907 3960 926 3993 c.
949 3942 1052 3995 145.l8.
1073 3941 1158 3994 —?1.
1178 3943 1289 4007 latebras
1299 3942 1342 3995 Fl.
1364 3976 1399 3984 —
1418 3944 1460 3997 22.

335 4102 448 4153 cohortis
474 4101 655 4169 (praetoriae)
681 4102 772 4152 Ritter.
802 4134 835 4140 —
861 4103 1004 4168 protraitur
1025 4103 1055 4153 F.
1085 4133 1117 4140 -
1137 4102 1179 4155 25.
1208 4102 1369 4156 abstulerant
1389 4107 1456 4172 (corr.

337 4194 363 4243 ia
382 4196 444 4257 -rat)
463 4192 493 4243 F.
