3409 4909
281 497 308 546 p.
330 479 380 531 Ch.
401 481 446 544 69)
633 496 861 540 1111111111
883 478 910 540 Ι.
934 477 1061 538 39-41.
1368 476 1406 538 23

285 666 469 743 tegebatur)
498 665 589 727 foede
610 665 787 742 laniavere3
816 665 970 745 pleraque
990 664 1121 727 volnera
1143 664 1268 726 feritate
1288 670 1320 726 et
1340 684 1406 726 sae·

284 764 369 825 vitia
389 768 503 825 trunco
524 764 591 825 iam
611 765 737 843 corpori
758 762 891 825 adiecta.

324 861 439 923 Titum
467 860 543 922 inde
571 862 706 923 Vinium
734 862 888 923 invasere.
917 861 964 922 De
988 881 1052 940 quo
1073 867 1106 922 et
1126 861 1197 939 ipso
1218 860 1405 937 ambigitur,
1420 862 1459 921 42

284 960 567 1038 consumpseritne
588 979 699 1021 vocem
720 960 789 1020 eius
809 960 933 1020 instans
955 965 1077 1036 metus,
1093 980 1141 1020 ‚an
1159 959 1407 1038 proclamaverit

243 1073 354 1122 onon
381 1076 450 1118 esse
476 1057 519 1117 ab
548 1057 674 1118 Othone
702 1056 910 1133 mandatum,
939 1062 976 1118 ut
1000 1056 1205 1118 occideretur.
1233 1056 1328 1127 Quod
1349 1076 1406 1117 seu

284 1156 385 1217 finxit
415 1154 603 1231 formidine,
635 1175 692 1216 seu
723 1155 953 1217 conscientiam
984 1155 1215 1216 coniurationis
1242 1154 1405 1216 confessus

283 1259 349 1329 est,
389 1254 454 1315 huc
485 1253 593 1332 potius
624 1253 693 1313 eius
723 1254 791 1313 vita
822 1252 973 1332 famaque
1003 1252 1152 1328 inclinat,
1190 1256 1227 1313 ut
1258 1252 1406 1313 conscius

283 1352 413 1414 sceleris
435 1352 546 1429 fuerit,
569 1352 661 1413 cuius
682 1370 779 1413 causa
800 1356 876 1412 erat.
899 1353 983 1412 Ante
1005 1351 1117 1412 aedem
1138 1350 1206 1411 divi
1220 1350 1293 1411 lulii
1307 1351 1406 1411 iacuit

283 1451 393 1529 primo
424 1450 491 1511 ictu
522 1450 556 1510 in
586 1450 760 1528 poplitem,
798 1469 877 1511 mox
908 1449 948 1510 ab
980 1448 1065 1509 Iulio
1097 1449 1193 1522 Caro,
1231 1448 1405 1525 legionario

232 1560 268 1614 10
286 1547 410 1621 milite,
432 1548 466 1608 in
489 1553 665 1626 utrumque
685 1546 770 1608 latus
791 1547 1076 1608 transverberatus.

325 1644 493 1721 Insignem
514 1643 573 1705 illa
594 1644 646 1705 die
668 1644 775 1706 virum
792 1644 1020 1724 Sempronium
1036 1645 1179 1705 Densum
1195 1644 1460 1704 1111111111143

284 1742 378 1803 vidit.
414 1742 568 1804 Centurio
599 1743 627 1804 is
658 1743 836 1821 praetoriae
867 1743 1023 1817 cohortis,
1056 1763 1075 1803 1
1107 1741 1211 1802 Galba
1241 1740 1406 1802 custodiae

284 1840 414 1904 Pisonis
443 1839 573 1902 additus
601 1840 712 1902 stricto
740 1841 879 1920 pugione
907 1859 1075 1901 occurrens
1096 1840 1229 1900 armatis
1251 1845 1283 1900 11
1303 1839 1406 1900 scelus

284 1937 485 2018 exprobrans
514 1957 551 1999 ac
571 1938 669 2000 modo
690 1959 807 2017 manu,
835 1938 933 2000 modo
954 1958 1031 2000 voce
1053 1937 1206 1999 vertendo
1228 1939 1262 1998 in
1284 1958 1317 1998 se
1338 1957 1425 2016 per--

232 2052 265 2103 15
283 2056 431 2097 cussores
459 2056 659 2116 quamquam
686 2038 856 2099 vulnerato
885 2037 994 2098 Pisoni
1022 2037 1177 2113 effugium
1205 2035 1303 2097 dedit.
1332 2036 1406 2096 Piso

284 2135 319 2195 111
344 2134 459 2195 aedem
480 2135 597 2196 Vestae
618 2136 776 2214 pervasit,
805 2141 1023 2215 exceptusque
1045 2134 1263 2196 misericordia
1284 2133 1406 2213 publici

283 2233 370 2294 servi
398 2239 431 2294 et
458 2233 668 2294 contubernio
696 2234 764 2294 eius
793 2233 936 2310 abditus,
965 2253 1031 2295 non
1058 2233 1210 2310 religione
1232 2251 1290 2293 nec
1311 2232 1407 2293 caeri-

284 2330 423 2407 moniis,
452 2330 508 2391 scd
536 2331 659 2392 latebra
685 2331 860 2391 imminens
886 2332 1023 2392 exitium
1044 2330 1228 2404 differebat,
1256 2350 1330 2391 cum
1353 2330 1406 2390 ad-

286 2447 404 2489 venere
429 2428 531 2488 missu
553 2428 707 2504 Othonis,
736 2429 930 2489 nominatim
950 2429 985 2488 in
1006 2428 1136 2489 caedem
1159 2428 1227 2489 eius
1249 2428 1405 2502 ardentis,

232 2539 267 2594 20
288 2525 454 2605 Sulpicius
483 2525 597 2586 Florus
625 2545 642 2587 e
669 2526 864 2588 Britannicis
890 2526 1094 2603 cohortibus,
1125 2545 1229 2604 nuper
1256 2544 1275 2585 a
1303 2524 1406 2591 Galba

286 2622 420 2683 ciritate
451 2622 607 2699 donatus,
639 2628 671 2684 11
701 2624 822 2685 Statius
851 2624 983 2684 Murcus
1012 2623 1193 2702 speculator
1200 2643 1208 2698 3
1240 2644 1258 2683 a
1286 2621 1404 2701 quibus

284 2726 469 2800 protractus
490 2721 563 2781 Piso
584 2720 618 2781 in
639 2720 761 2782 foribus
782 2722 898 2800 templi
915 2721 1103 2783 trucidatur.
1126 2719 1259 2781 Nullam
1275 2719 1406 2781 caedem
1420 2723 1459 2782 44

285 2819 373 2880 Otho
400 2820 521 2879 maiore
549 2818 673 2879 laetitia
700 2819 879 2898 excepisse,
907 2819 1037 2880 nullum
1064 2824 1163 2897 caput
1186 2824 1254 2880 tam
1276 2818 1406 2878 insatia-

283 2915 406 2977 bilibus
434 2915 536 2977 ooulis
564 2918 773 2995 perlustrasse
801 2917 934 2994 dicitur,
964 2936 1020 2977 seu
1044 2922 1114 2977 tum
1136 2917 1280 2996 primum
1300 2916 1406 2977 levata

237 3014 377 3083 25011111
405 3013 624 3075 sollicitudine
651 3034 742 3075 mens
763 3034 877 3076 vacare
898 3015 1016 3093 gaudio
1038 3020 1200 3094 coeperat,
1229 3035 1285 3076 seu
1306 3034 1406 3076 recor-

286 3100 377 3172 datio
401 3112 581 3173 maiestatis
602 3112 637 3172 in
659 3112 778 3190 Galba,
807 3112 968 3174 amicitiae
989 3113 1022 3172 in
1044 3112 1117 3173 Tito
1139 3112 1235 3173 Vinio
1257 3114 1405 3192 quamvis

286 3210 436 3271 inmitem
466 3210 614 3270 animum
641 3210 781 3286 imagine
806 3210 890 3270 tristi
912 3208 1115 3271 confuderat:
1145 3210 1270 3270 Pisonis
1290 3215 1328 3269 ut
1348 3210 1407 3270 ini-

286 3308 363 3368 mici
385 3312 418 3367 11
438 3306 559 3368 aemuli
580 3306 676 3368 caede
697 3307 809 3369 laetari
830 3308 881 3368 ius
902 3307 1014 3386 fasque
1036 3307 1192 3368 credebat.

326 3404 476 3466 Praefixa
497 3405 606 3466 contis
621 3406 728 3484 capita
749 3406 971 3482 gestabantur,
993 3405 1077 3466 inter
1098 3405 1188 3482 signa
1208 3400 1405 3480 cohortium,

244 3517 272 3572 30
289 3502 382 3563 iuxta
394 3502 541 3581 ⁴aquilam
552 3501 696 3580 legionis,
714 3504 861 3563 certatim
873 3503 1110 3564 ostentantibus
1122 3507 1269 3564 cruentas
1281 3522 1406 3577 manus,

321 3739 345 3791 6.
365 3738 445 3788 {inxit
464 3738 486 3787 F
505 3736 576 3787 siluit
593 3736 674 3803 Nipp.
695 3766 727 3773 -
746 3736 901 3788 conscientia
919 3738 949 3788 F.
971 3767 1003 3775 —
1023 3737 1048 3789 9.
1068 3735 1351 3787 011111101011111Ι
1373 3766 1405 3773 -

288 3826 327 3880 10.
347 3827 375 3878 in
395 3835 536 3892 utrumque
555 3826 577 3876 F
597 3834 735 3891 utrumque
756 3824 910 3889 Gronovius,
930 3825 1010 3893 Nipp.
1032 3855 1064 3863 —
1085 3824 1125 3876 r2.
1145 3826 1185 3876 his
1196 3826 1227 3876 F.
1248 3855 1281 3861 —
1295 3842 1310 3875 a
1323 3825 1406 3876 Galba

286 3915 417 3968 custodiae
436 3915 539 3971 Pisonis
556 3914 628 3982 Isipa.
649 3931 664 3965 1
682 3914 757 3990 galbe
769 3913 884 3985 custodie
894 3914 1079 3979 (1121111111
1089 3915 1140 3989 eiu
1150 3917 1176 3978 a)
1187 3915 1312 3965 aPisonis
1322 3915 1352 3965 F.
1375 3945 1404 3951 —

289 4013 327 4066 16.
352 4012 446 4077 eedem
465 4012 495 4063 F,
522 4043 555 4049 —
574 3993 633 4063 mia.
659 4041 692 4050 -
714 4012 754 4065 19.
780 4013 895 4065 ardentis
912 4013 1005 4063 Heius.
1031 4013 1150 4064 ardentes
1168 4013 1199 4063 F.
1226 4042 1259 4049 —
1278 4010 1320 4065 20.
1346 4012 1406 4062 brit-

286 4102 376 4154 tanicis
401 4100 432 4151 F.
460 4129 493 4139 -
518 4118 534 4150 a
557 4102 626 4151 omis.
653 4100 695 4152 F1.
718 4131 753 4140 —
776 4100 819 4153 22.
845 4101 997 4169 trucidatur]
1018 4102 1159 4153 trucidatus
1177 4102 1207 4153 F.
1233 4133 1266 4140 —
1286 4101 1328 4155 25.
1354 4102 1406 4152 Va·

286 4211 346 4260 gare
362 4194 395 4245 F.
418 4222 450 4231 -
470 4190 513 4244 22⁴.
534 4192 645 4258 imagine
665 4192 687 4241 F
706 4193 834 4260 (deletum
852 4191 905 4256 est).
