3409 4909
338 465 395 525 118
763 484 904 526 connum
925 484 1036 527 racrrr
1310 473 1344 534 (a.
1364 489 1389 523 u.
1409 472 1458 527 822

336 650 476 727 legiones
498 669 692 730 omnemque
713 651 907 731 exereitum,
930 653 986 732 qui
1008 654 1168 715 Hostiliae
1189 660 1311 733 egerat,
1334 676 1371 717 eo
1390 657 1459 737 ipso

337 746 388 808 die
409 748 541 825 triginta
555 748 647 809 milia
661 768 817 827 passuum
832 770 1017 828 emensum,
1040 758 1204 831 comperta
1219 772 1355 814 suorum
1370 755 1460 816 clade

335 846 370 904 in
408 844 568 924 proelium
603 847 725 924 accingi
757 868 793 908 ae
825 849 892 909 iam
924 848 1042 910 adfore.
1082 850 1115 910 ls
1146 855 1247 911 terror
1278 851 1460 913 obstructas

335 949 459 1003 mentes
500 945 642 1005 consiliis
682 944 773 1006 ducis
812 948 946 1025 aperuit.
985 947 1102 1009 Sistere
1138 949 1268 1009 tertiam
1299 949 1459 1010 decimam

335 1040 493 1118 legionem
519 1042 645 1121 inipso
667 1044 738 1105 viae
760 1045 946 1106 Postumiae
968 1064 1079 1123 aggere
1099 1046 1204 1123 iubet,
1234 1047 1287 1107 cui
1308 1047 1420 1109 iuncta
1443 1064 1489 1115 aa

335 1139 427 1200 laevo
455 1140 594 1219 septima
622 1141 783 1202 Galbiana
807 1144 933 1222 patenti
954 1163 1069 1223 campo
1091 1145 1194 1222 stetit,
1224 1144 1298 1205 dein
1321 1147 1460 1224 septima

335 1237 530 1316 Claudiana,
559 1240 675 1316 agresti
697 1240 782 1300 fossa
804 1241 865 1318 (ita
885 1241 975 1303 locus
997 1244 1079 1319 erat)
1101 1244 1322 1321 praemunita3
1346 1244 1460 1305 dextro

335 1341 449 1415 octava
483 1355 540 1414 per
571 1341 719 1414 apertum
750 1337 904 1414 limitem,
945 1358 1023 1399 mox
1053 1340 1148 1401 tertia
1179 1340 1287 1401 densis
1319 1341 1459 1403 arbustis

334 1434 538 1513 intersaepta.
562 1435 626 1495 Hic
648 1435 831 1514 aquilarum
853 1437 1082 1517 signorumque
1104 1438 1197 1499 ordo:
1220 1438 1342 1499 milites
1363 1440 1480 1525 mixti,

334 1552 391 1611 per
411 1533 574 1609 tenebras,
603 1537 641 1593 ut
661 1533 726 1593 fors
747 1533 875 1594 tulerat.
905 1534 1150 1595 Praetorianum
1171 1535 1331 1606 vexillum
1352 1537 1459 1615 proxi-
1477 1550 1504 1604 10

333 1650 425 1690 mum
454 1632 616 1710 tertianis,
645 1631 792 1693 cohortes
821 1632 1020 1693 auxiliorum
1047 1633 1081 1692 in
1103 1633 1269 1710 cornibus;
1300 1634 1402 1695 latera
1423 1655 1459 1695 ac

333 1734 421 1806 terga
458 1730 565 1807 equite
597 1729 811 1806 circumdata3
851 1721 928 1792 Sido
959 1734 1056 1809 atque
1087 1731 1221 1791 Italicus
1253 1731 1351 1792 Suebi
1384 1751 1458 1793 cum

334 1825 465 1887 delectis
486 1827 695 1906 popularium
716 1829 850 1906 primori
871 1829 905 1889 in
927 1830 994 1890 acie
1016 1830 1235 1890 versabantur.

281 1922 320 1982 22
375 1926 419 1985 At
440 1925 634 1986 Vitellianus
656 1927 830 2003 exercituS,
859 1928 912 1987 cui
934 1919 1139 2007 adquiescere
1161 1928 1338 1989 Cremonae
1359 1933 1392 1988 et
1413 1948 1459 1989 re-

334 2022 482 2101 ciperatis
520 2023 593 2083 cibo
629 2042 808 2103 somnoque
846 2024 969 2084 viribus
1008 2024 1191 2085 consectum
1222 2024 1329 2101 algore
1360 2031 1459 2104 atquc
1477 2041 1506 2093 15

241 2138 244 2150 ·
333 2120 442 2180 inedia
470 2120 596 2181 hostem
624 2127 752 2200 postera
780 2121 831 2182 die
852 2122 1023 2201 profligare
1045 2142 1081 2183 ac
1102 2141 1253 2201 proruere
1275 2123 1357 2183 ratio
1380 2123 1458 2200 fuit,

332 2218 461 2295 indigus
492 2220 639 2289 rectoris,
678 2220 773 2298 inops
804 2220 946 2295 consilii,
985 2220 1081 2281 tertia
1112 2220 1211 2280 ferme
1243 2221 1348 2281 noctis
1380 2220 1460 2281 hora

332 2317 453 2395 paratis
494 2317 560 2376 iam
601 2316 831 2396 dispositisque
870 2317 1033 2378 Flavianis
1071 2317 1259 2400 inpingitur.
1303 2318 1458 2379 Ordinem

333 2415 469 2491 agminis
492 2413 617 2476 disiecti
638 2435 695 2494 per
715 2416 797 2475 iram
819 2436 856 2476 ac
878 2415 1024 2476 tenebras
1047 2415 1234 2477 adseverare
1252 2435 1319 2476 non
1334 2418 1457 2493 ausim,

333 2531 532 2591 quamquam
561 2513 616 2572 alii
644 2513 836 2574 tradiderint
865 2519 1014 2592 quartam
1040 2513 1283 2575 Macedonicam
1305 2513 1458 2575 dextrum
1476 2527 1507 2582 20

332 2629 465 2671 suorum
493 2630 609 2689 cornu,
638 2612 787 2690 quintam
812 2617 844 2672 et
872 2612 1021 2691 quintam
1050 2612 1210 2673 decimam
1231 2633 1307 2673 cum
1329 2614 1458 2699 vexillis

331 2728 435 2769 nonae
467 2709 691 2788 secundaeque
719 2714 752 2769 et
779 2710 975 2770 vicensimae
1003 2710 1264 2790 Britannicarum
1292 2710 1458 2787 legionum

332 2807 474 2867 mediam
513 2807 631 2883 aciem,
669 2807 958 2867 sextadeeumanos
993 2807 1396 2887 duoetvicensimanosque
1427 2812 1458 2868 et

332 2906 496 2984 primanos
528 2905 659 2965 laevum
690 2924 790 2965 cornu
822 2905 1014 2983 complesse:
1047 2904 1191 2984 Rapaces
1222 2909 1320 2982 atque
1351 2905 1458 2965 Italici

332 3002 482 3063 omnibus
521 3022 554 3063 se
586 3002 763 3081 manipulis
794 3002 1006 3062 miscuerant:
1046 3021 1143 3080 eques
1175 3002 1364 3081 auxiliaque
1397 3002 1458 3063 sibi
1475 3019 1507 3073 25

331 3101 395 3179 ipsi
415 3100 521 3161 locum
546 3100 656 3176 legere.
680 3100 843 3160 Proelium
866 3104 934 3161 tota
955 3104 1049 3160 nocte
1070 3100 1198 3160 varium
1212 3118 1331 3179 anceps
1347 3105 1441 3161 atrox
1448 3120 1456 3177 ;

331 3200 399 3275 his,
431 3218 541 3259 rursus
572 3198 637 3259 illis
669 3198 842 3259 exitiabile.
879 3198 971 3258 Nihil
1002 3197 1130 3258 animus
1162 3202 1220 3258 aut
1249 3217 1385 3275 manus,
1418 3217 1457 3258 ne

328 3297 416 3358 oculi
445 3296 577 3376 quidem
605 3297 739 3376 provisu
766 3296 938 3358 iuvabant:
968 3296 1081 3357 eadem
1102 3299 1239 3375 utraque
1261 3296 1329 3356 acie
1349 3315 1456 3372 arma3

331 3395 448 3456 crebris
480 3394 783 3472 interrogationibus
814 3399 930 3455 notum
962 3413 1089 3473 pugnae
1117 3394 1261 3471 signum3
1294 3395 1457 3472 permixta

330 3492 467 3568 vexilla,
495 3499 533 3553 ut
561 3493 699 3571 quisque
726 3492 841 3569 globus
870 3495 965 3570 capta
986 3511 1027 3551 ex
1048 3490 1196 3552 hostibus
1217 3490 1282 3553 huc
1304 3492 1356 3553 vel
1378 3492 1456 3553 illuc
1474 3510 1506 3564 30

331 3591 488 3670 raptabat.
518 3591 698 3668 Urgebatur
726 3590 870 3651 maxime
898 3590 1037 3669 septima
1065 3590 1147 3667 legio
1175 3609 1280 3669 nuper
1308 3609 1327 3649 a
1352 3590 1457 3651 Galba

366 3917 390 3967 5.
416 3915 502 3965 iuncta
527 3916 559 3965 ln
581 3915 620 3988 ale
639 3932 673 3965 uo
695 3915 765 3981 Fes.
788 3912 882 3965 11122
903 3911 1113 3983 uisillnprocul.
1140 3944 1172 3952 -
1192 3913 1217 3967 8.
1243 3914 1318 3965 tertia
1343 3914 1457 3966 Pictas-o

329 4006 406 4054 tertia
424 4004 523 4055 decima
542 4005 571 4054 F.
593 4033 625 4041 —
647 4004 686 4056 10.
706 4003 931 4069 praetorianorum
950 4003 1042 4053 Ritter.
1070 4032 1102 4040 —
1122 4001 1164 4055 20.
1192 4002 1301 4053 Mesalla
1319 4003 1456 4054 tradiderit

329 4095 353 4144 I.
372 4094 469 4143 arella
487 4095 516 4159 cf.
536 4092 622 4145 2123.
643 4124 677 4129 -
696 4092 788 4143 dextro
806 4093 837 4143 F.
858 4122 892 4129 -
912 4090 954 4142 24.
974 4097 1056 4143 cornu
1073 4092 1103 4143 F.
1125 4090 1214 4143 -21,
1233 4092 1274 4141 his
1287 4092 1380 4155 modo,
1399 4109 1455 4142 rur·

328 4200 372 4233 sus
390 4183 440 4232 illis
458 4183 595 4233 Acidaliae
613 4183 657 4232 ard
674 4183 703 4247 cs.
723 4182 774 4233 ΙΙΙ.
794 4182 828 4235 83
848 4181 992 4233 exitiabiles
1012 4180 1053 4231 1²1.
1075 4212 1107 4219 -—
1128 4182 1170 4233 31.
1190 4180 1223 4231 ad
1241 4180 1307 4246 gaba
1325 4181 1348 4231 F
1350 4219 1355 4230 .
