3409 4909
332 426 371 487 88
697 390 699 394 Ι
759 443 901 485 connum
922 443 1034 485 ulcrrr
1303 428 1337 496 (a.
1358 445 1383 480 u.
1403 427 1456 482 8⁶22
1498 459 1500 463 ,

333 632 432 693 quam
452 613 642 691 Verginium
660 612 765 673 omnis
781 612 897 674 seditio
912 613 1091 674 infestavit:
1114 612 1266 674 manebat
1281 611 1457 673 admiratio

279 716 319 776 69
332 712 394 772 viri
416 716 447 771 et
467 711 569 788 fama;
598 709 654 771 sed
676 710 810 772 oderant
831 715 869 771 ut
889 710 1034 772 fastiditi.
1060 712 1190 773 Postero
1212 710 1263 771 die
1284 710 1456 788 Vitellius,

333 813 463 870 senatus
485 810 658 886 legatione,
680 826 779 887 quam
800 808 846 869 ibi
868 809 1008 888 opperiri
1029 809 1180 885 iusserat,
1203 807 1330 884 audita,
1353 812 1456 867 trans-

332 926 458 984 gressus
485 908 520 967 in
548 912 652 967 castra
679 907 765 968 ultro
792 907 948 986 pietatem
976 906 1118 967 militum
1140 905 1366 981 conlaudavit,
1396 904 1456 966 fre-

333 1004 496 1065 mentibus
537 1004 668 1065 auxiliis
709 1009 837 1065 tantum
879 1005 1072 1083 inpunitatis
1113 1008 1211 1082 atque
1246 1002 1489 1080 adrogantiaef,

332 1101 515 1180 legionariis
542 1101 721 1164 accessisse.
753 1097 951 1163 Batavorum
979 1102 1141 1178 cohortes,
1170 1120 1211 1161 ne
1240 1100 1319 1179 quid
1347 1105 1455 1160 trucu-

333 1200 451 1261 lentius
466 1200 637 1277 auderent,
659 1201 693 1260 in
709 1200 918 1260 Germaniam
933 1200 1098 1276 remissae,
1114 1199 1312 1278 principium
1326 1198 1455 1259 interno

333 1297 432 1358 simul
459 1303 655 1377 externoque
676 1297 762 1358 bello
783 1296 973 1376 parantibus
995 1296 1078 1357 fatis.
1108 1295 1246 1358 Reddita
1267 1295 1455 1356 civitatibus

334 1396 502 1456 Gallorum
523 1396 659 1473 auxilia,
681 1396 793 1473 ingens
814 1414 969 1455 numerus
984 1400 1016 1455 et
1030 1395 1134 1474 prima
1149 1394 1259 1458 statim
1275 1392 1454 1454 delectione

332 1494 416 1555 iuter
435 1494 546 1555 inania
567 1493 644 1554 belli
666 1492 868 1572 adsumptus.
891 1494 1042 1555 Ceterum
1066 1498 1104 1553 ut
1123 1491 1348 1570 largitionibus
1369 1490 1455 1551 adse·
1475 1509 1504 1564 10

333 1597 402 1653 ctae
429 1593 496 1652 iam
515 1592 644 1671 imperii
665 1611 741 1671 opes
762 1590 960 1668 sufficerent,
990 1592 1155 1670 amputari
1175 1590 1341 1667 legionum
1363 1589 1453 1651 auxi-

332 1689 515 1768 liorumque
534 1708 687 1750 numeros
707 1689 813 1767 iubet,
835 1690 943 1750 vetitis
958 1689 1206 1768 supplementis,
1229 1693 1261 1749 et
1275 1688 1454 1767 promiscae

332 1788 500 1849 missiones
522 1787 746 1848 offerebantur.
776 1787 952 1848 Exitiabile
973 1787 1007 1846 id
1027 1788 1074 1847 rei
1095 1786 1259 1866 publicae,
1289 1786 1454 1862 ingratum

332 1886 445 1963 militi,
474 1886 526 1946 cui
554 1884 667 1946 eadem
694 1886 808 1945 munia
829 1887 912 1947 inter
934 1906 1054 1965 paucos
1075 1885 1281 1965 periculaque
1304 1903 1341 1944 ac
1363 1883 1454 1945 labor

332 1983 472 2044 crebrius
503 1983 660 2044 redibant.
700 1984 742 2043 Et
772 1984 856 2045 vires
887 1983 968 2044 luxu
1001 1983 1305 2061 corrumpebantur,
1345 1990 1456 2041 contra
1474 2000 1503 2052 15

332 2087 472 2142 veterem
484 2081 701 2161 disciplinam
722 2086 754 2142 et
771 2082 921 2143 instituta
936 2083 1111 2159 maiorum,
1134 2079 1222 2160 apud
1237 2099 1318 2160 quos
1335 2080 1455 2141 virtute

332 2198 431 2257 quam
452 2179 590 2258 pecunia
611 2198 660 2240 res
681 2180 828 2240 Romana
849 2180 966 2240 melius
987 2180 1084 2241 stetit.

279 2284 335 2347 70v
373 2276 454 2338 Iade
484 2276 632 2337 Vitellius
661 2277 854 2339 Cremonam
881 2277 973 2339 flexit
1001 2282 1032 2337 et
1057 2282 1202 2357 spectato
1224 2296 1356 2337 munere
1379 2275 1455 2336 Cae·

332 2374 423 2435 cinae
453 2374 598 2435 insistere
629 2373 897 2436 Bedriacensibus
929 2376 1052 2454 campis
1084 2394 1120 2435 ac
1152 2374 1287 2451 vestigia
1318 2372 1454 2433 recentis

332 2472 484 2534 victoriae
518 2471 654 2533 lustrare
687 2473 787 2533 oculis
819 2473 1014 2551 concupivit.
1055 2471 1201 2533 Foedum
1232 2476 1329 2550 atque
1361 2476 1455 2531 atrox
1472 2487 1505 2541 20

332 2570 554 2649 spectaculum
575 2570 660 2631 intra
681 2569 987 2649 quadragensimum
1005 2589 1131 2649 pugnae
1147 2569 1246 2639 diem:
1268 2568 1374 2628 lacera
1389 2587 1455 2629 cor-

331 2687 425 2747 pora,
464 2668 570 2729 trunci
602 2675 706 2746 artus,
745 2674 856 2748 putres
887 2669 1031 2730 virorum
1063 2686 1284 2747 equorumque
1316 2665 1454 2743 formae,

331 2765 450 2827 infecta
480 2765 556 2827 tabo
584 2766 725 2840 humus,
765 2765 908 2844 protritis
940 2764 1108 2826 arboribus
1139 2785 1176 2826 ac
1207 2762 1353 2840 frugibus
1384 2762 1455 2822 dira

331 2864 475 2925 vastitas.
498 2864 563 2924 Nec
585 2864 694 2924 minus
714 2863 896 2923 inhumana
910 2881 985 2941 pars
1000 2862 1086 2939 viae,
1109 2881 1208 2941 quam
1223 2862 1454 2922 Cremonenses

331 2960 427 3022 lauru
457 2981 593 3040 rosaque
624 2965 881 3038 constraverant,
917 2960 1072 3021 extructis
1103 2959 1258 3022 altaribus
1290 2959 1455 3037 caesisque
1472 2978 1506 3033 25

199 3050 316 3134 11132
333 3059 475 3120 victimis
505 3060 627 3136 regium
658 3060 694 3119 in
725 3078 865 3136 morem;
900 3077 983 3137 quae
1014 3058 1100 3119 laeta
1131 3058 1165 3117 in
1195 3076 1346 3136 praesens
1376 3076 1455 3117 mox

333 3155 508 3234 perniciem
535 3155 614 3235 ipsis
642 3155 752 3217 fecere.
779 3155 925 3217 Aderant
945 3155 1065 3216 Valens
1086 3159 1118 3216 et
1139 3155 1276 3216 Caecina
1297 3160 1455 3215 monstra-

332 3251 475 3331 bantque
496 3272 624 3331 pugnae
644 3253 747 3315 locos:
769 3254 846 3315 hinc
867 3254 1027 3333 inrupisse
1044 3253 1210 3330 legionum
1224 3272 1355 3329 agmen,
1377 3252 1454 3313 hinc

251 3423 253 3426 Ι
332 3349 456 3428 equites
484 3355 624 3427 coortos,
653 3349 729 3411 inde
757 3350 969 3411 circumfusas
997 3349 1195 3410 auxiliorum
1223 3368 1349 3409 manus.
1383 3348 1455 3409 Iam

331 3447 454 3508 tribuni
484 3447 717 3527 praefectique,
755 3467 815 3509 sua
842 3449 983 3528 quisque
1014 3447 1099 3507 facta
1130 3446 1337 3523 extollentes,
1372 3445 1454 3507 falsa
1472 3468 1507 3522 30

332 3565 408 3607 vera
439 3550 496 3606 aut
527 3546 650 3607 maiora
677 3565 753 3607 vero
780 3546 969 3607 miscebant,
1002 3544 1124 3623 Volgus
1152 3564 1281 3624 quoque
1309 3544 1453 3605 militum

332 3643 471 3704 clamore
493 3649 525 3705 et
545 3643 663 3721 gaudio
685 3643 851 3706 deflectere
867 3644 935 3718 via,
957 3644 1062 3724 spatia
1076 3644 1289 3704 certaminum
1305 3661 1454 3719 recogno·

335 3780 494 3787 ———

230 3922 244 3937 ‚
300 3915 315 3936 δ’
369 3872 392 3921 1.
421 3870 567 3922 ammiratio
583 3872 616 3924 F.
645 3901 678 3909 -
699 3872 722 3923 2.
749 3872 831 3923 lamas
849 3880 875 3924 et
893 3873 915 3923 F
935 3873 1006 3939 (corr.
1025 3890 1057 3923 m.
1077 3870 1113 3937 2).
1134 3901 1167 3909 -
1188 3873 1211 3923 7.
1232 3870 1351 3922 audirent
1370 3871 1400 3921 F.
1422 3900 1454 3907 -

333 3961 374 4011 11.
400 3960 452 4010 iam
471 3960 594 4027 Agricola
612 3966 665 4010 tam
684 3959 715 4011 F.
742 3988 774 3996 -
794 3961 923 4011 sufficeret
941 3960 984 4012 Fl.
1009 3990 1042 3997 -
1064 3961 1104 4012 13.
1130 3959 1271 4011 offerebant
1289 3957 1331 4010 Fl.
1359 3989 1391 3997 -
1411 3958 1454 4012 20.

330 4049 441 4099 lustrare
465 4066 493 4099 ea
517 4049 622 4099 luxrare
645 4055 680 4099 at.
707 4048 760 4099 uid.
780 4066 841 4099 corr.
873 4078 906 4086 -
924 4046 967 4099 24.
996 4049 1143 4099 Inhumana
1161 4048 1191 4098 F.
1221 4078 1254 4085 —
1273 4046 1316 4100 25.
1345 4064 1455 4114 rosaque

265 4176 272 4191 e
331 4136 450 4187 Doederl.
470 4153 592 4202 rosasque
611 4137 641 4187 F.
662 4137 747 4189 -27,
768 4136 886 4203 permitis
896 4137 926 4187 F.
948 4136 1080 4187 -aderat
1090 4136 1120 4187 F.
1142 4167 1173 4173 -
1184 4135 1227 4189 29.
1246 4136 1365 4187 cohortos
1375 4136 1405 4186 F.
