3409 4909
299 464 328 513 p.
349 446 396 498 Ch.
416 446 463 513 69)
643 463 871 507 Hrsronranuu
892 446 936 506 Il.
959 446 1087 506 86-91.
1387 447 1427 507 99

301 651 380 693 cum
407 632 538 693 turbam
565 632 679 712 populi
708 652 764 711 per
786 632 948 693 inscitiam
970 651 1086 711 parum
1108 633 1263 711 vitarent,
1293 638 1349 694 aut
1370 634 1427 695 ubi

301 730 429 791 lubrico
456 730 528 791 viae
556 730 608 792 vel
632 749 767 791 occursu
789 729 926 791 alicuius
947 730 1175 809 procidissent,
1205 730 1247 791 ad
1267 731 1425 809 iurgium,

301 848 382 889 mox
410 827 451 888 ad
480 847 597 888 manus
625 833 655 889 et
677 828 798 889 ferrum
819 828 1002 889 transirent.
1032 828 1118 899 Quin
1140 833 1172 889 et
1193 829 1315 889 tribuni
1337 849 1426 908 prae-

302 925 443 1005 fectique
464 945 540 986 cum
560 930 679 987 terrore
700 931 732 987 et
753 930 953 986 armatorum
975 925 1110 986 catervis
1132 926 1321 987 volitabant.

263 1036 282 1088 5
343 1025 419 1103 Ipse
447 1023 598 1085 Vitellius
627 1044 646 1084 a
675 1029 772 1102 ponte
801 1023 943 1100 Mulvio,
974 1024 1094 1101 insigni
1123 1043 1222 1103 equo,
1251 1024 1425 1103 paludatus
1440 1027 1487 1088 89

302 1122 548 1201 accinctusque,
570 1126 719 1183 senatum
742 1127 774 1182 et
790 1122 951 1201 populum
965 1127 1040 1183 ante
1055 1141 1088 1183 se
1103 1141 1216 1199 agens,
1238 1142 1303 1202 quo
1318 1123 1426 1184 minus

302 1223 342 1279 ut
362 1223 492 1298 captam
510 1220 625 1281 urbem
639 1218 875 1297 ingrederetur,
897 1219 1076 1280 amicorum
1091 1219 1224 1281 oonsilio
1240 1220 1426 1299 deterritus,

303 1322 436 1396 sumpta
467 1323 635 1396 praetexta
666 1322 698 1379 et
729 1316 908 1396 composito
939 1318 1066 1393 agmine
1094 1318 1233 1379 incessit.
1266 1318 1427 1389 Quattuor

302 1413 468 1491 legionum
493 1414 622 1494 aquilae
644 1434 700 1494 per
721 1416 861 1476 frontem
881 1415 1082 1494 totidemque
1104 1415 1187 1475 circa
1209 1434 1225 1475 e
1246 1415 1426 1493 legionibus

247 1524 284 1578 10
303 1511 377 1572 aliis
402 1512 539 1591 vexilla,
568 1533 646 1573 mox
674 1512 845 1574 duodecim
871 1512 997 1573 alarum
1019 1513 1110 1589 signa
1130 1518 1162 1573 et
1184 1517 1257 1591 post
1278 1511 1427 1592 peditum

303 1610 433 1671 ordines
454 1630 567 1689 eques;
590 1612 665 1673 dein
687 1617 840 1691 quattuor
862 1616 893 1673 et
910 1610 1043 1688 triginta
1057 1611 1220 1689 cohortes,
1242 1615 1279 1671 ut
1293 1611 1430 1672 nomina

303 1708 449 1785 gentium
471 1713 528 1768 aut
549 1710 670 1787 species
692 1729 856 1769 armorum
870 1708 991 1786 forent,
1013 1708 1177 1770 discretae.
1200 1710 1285 1769 Ante
1301 1708 1427 1788 aquilas

303 1805 457 1884 praefecti
485 1810 664 1867 castrorum
691 1806 878 1886 tribunique
907 1812 938 1867 ct
962 1806 1059 1885 primi
1081 1806 1325 1884 centurionum,
1354 1825 1427 1867 can-

305 1901 382 1962 dida
412 1908 515 1980 vestc3
554 1904 652 1964 coteri
683 1904 775 1965 iuxta
806 1923 900 1964 suam
931 1904 1068 1983 quisque
1100 1904 1295 1981 centuriam,
1329 1904 1428 1965 armis

248 2015 284 2067 15
305 1998 463 2077 donisque
484 1999 658 2078 fulgentes3
680 2006 712 2061 et
733 2001 876 2061 militum
897 2000 1049 2080 phalerae
1070 2006 1266 2081 torquesque
1281 2001 1427 2081 splende-

303 2097 392 2159 bant.
415 2099 537 2160 Decora
558 2098 655 2159 facies
676 2104 708 2159 et
729 2118 795 2159 non
816 2098 948 2159 Vitellio
966 2099 1111 2178 principe
1125 2099 1242 2177 dignus
1257 2099 1425 2162 exercitus.

304 2194 357 2255 sio
384 2195 583 2275 Capitolium
610 2196 772 2273 ingressus
800 2201 898 2274 atque
924 2197 970 2257 ibi
991 2201 1128 2258 matrem
1151 2192 1340 2276 complexus
1362 2200 1427 2258 Au-

303 2298 416 2370 gustae
436 2294 568 2355 nomine
589 2294 770 2356 honoravit.
800 2295 931 2355 Postera
952 2294 1020 2371 die,
1049 2300 1218 2373 tamquam
1240 2294 1328 2374 apud
1349 2295 1426 2357 alte·
1441 2300 1480 2361 90

304 2391 372 2451 rius
399 2392 539 2453 civitatis
568 2397 717 2453 senatum
745 2391 986 2471 populumque,
1015 2392 1220 2469 magnificam
1248 2392 1426 2454 orationem

248 2502 285 2557 20
304 2487 345 2549 de
366 2489 558 2569 semetipso
578 2490 754 2569 prompsit,
783 2490 978 2550 industriam
999 2490 1312 2569 temperantiamque
1333 2509 1426 2550 suam

303 2586 456 2648 laudibus
485 2587 661 2665 adtollens,
690 2588 825 2648 consciis
853 2587 1051 2665 flagitiorum
1075 2588 1169 2666 ipsis,
1198 2588 1254 2667 qui
1276 2587 1425 2665 aderant,

305 2686 459 2764 omnique
486 2686 599 2763 Italia,
631 2706 688 2765 per
715 2705 814 2765 quam
841 2705 955 2746 somno
977 2691 1008 2747 et
1029 2686 1111 2746 luxu
1133 2684 1304 2764 pudendus
1326 2685 1426 2746 inces-

305 2787 398 2843 serat.
438 2783 560 2860 Volgus
598 2787 708 2844 tamen
739 2803 881 2844 vacuum
912 2784 996 2844 curis
1028 2788 1060 2844 et
1091 2784 1159 2843 sine
1190 2782 1264 2843 falsi
1295 2783 1427 2862 verique

305 2879 491 2941 discrimine
518 2881 630 2943 solitas
659 2880 861 2942 adulationes
889 2882 1040 2943 edoctum
1068 2881 1207 2942 clamore
1235 2886 1267 2941 ot
1292 2880 1426 2942 vocibus

248 2991 284 3045 25
304 2978 502 3057 astrepebat3
532 2979 753 3059 abnuentique
780 2999 901 3041 nomen
928 2979 1066 3056 Augusti
1088 2997 1285 3057 expressere,
1315 2983 1353 3038 ut
1372 2977 1426 3037 ad·

305 3080 461 3153 sumeret,
483 3080 551 3136 tam
573 3076 705 3153 frustra,
727 3097 827 3156 quam
848 3081 1061 3138 recusaverat.

345 3172 444 3252 Apud
464 3173 629 3236 civitatem
651 3179 768 3235 cuncta
787 3175 1054 3253 interpretantem
1075 3174 1195 3235 funesti
1217 3174 1335 3235 ominis
1356 3174 1426 3234 loco
1442 3180 1478 3240 91

304 3276 474 3351 acceptum
495 3277 559 3350 est,
580 3272 669 3352 quod
686 3274 869 3333 maximum
884 3272 1109 3352 pontificatum
1125 3271 1262 3351 adeptus
1277 3272 1427 3333 Vitellius

305 3367 345 3430 de
365 3370 568 3432 caerimoniis
590 3370 729 3449 publicis
744 3371 898 3450 quintum
913 3370 1076 3431 decimum
1092 3368 1248 3429 kalendas
1264 3370 1426 3445 Augustas

248 3482 285 3536 30
305 3466 489 3546 edixisset,
512 3468 694 3548 antiquitus
732 3468 875 3529 infausto
913 3467 965 3528 die
997 3467 1195 3528 Cremerensi
1227 3465 1427 3544 Alliensique

305 3564 468 3626 cladibus:
497 3566 577 3628 adeo
605 3566 711 3627 omnis
738 3566 876 3626 humani
904 3566 1071 3644 divinique
1098 3564 1177 3625 iuris
1199 3583 1329 3641 expers,
1358 3564 1427 3641 pari

305 3662 511 3740 libertorum,
538 3663 717 3724 amicorum
738 3662 900 3741 socordia,
928 3664 1017 3725 velut
1037 3663 1119 3723 inter
1141 3660 1336 3723 temulentos
1358 3680 1428 3738 age-

304 3760 370 3822 bat.
393 3760 455 3822 Sed
477 3762 607 3822 comitia
623 3761 795 3822 consulum
810 3780 886 3821 oum
901 3759 1080 3862 candidatis
1096 3758 1233 3821 civiliter
1247 3757 1427 3834 celebrans,

340 4070 364 4121 5.
391 4066 531 4139 muluilF.
558 4097 591 4106 -
613 4067 653 4118 1⁶2.
679 4069 766 4134 aquila
785 4069 815 4119 F.
843 4098 875 4106 -
894 4066 937 4119 22.
963 4066 1038 4117 Italia
1057 4067 1087 4117 F.
1114 4096 1147 4104 -
1167 4064 1211 4116 ⁶24.
1237 4064 1384 4115 adulatione
1402 4080 1429 4115 se

303 4157 388 4209 doctri.
410 4187 443 4195 —
462 4155 505 4209 27.
525 4156 589 4208 offlis
608 4157 638 4207 F.
660 4188 693 4195 -
712 4156 755 4210 29.
775 4157 829 4208 XV
848 4158 878 4207 F.
900 4186 932 4193 -
951 4156 978 4206 kl
997 4154 1030 4221 ag
1047 4156 1078 4206 F.

1291 4247 1316 4294 (ἢ
