3409 4909
314 490 351 551 12
738 507 878 550 conunnr
899 507 1010 550 racrrr
1282 496 1315 560 (a.
1336 510 1361 543 u.
1382 492 1434 546 822

239 680 241 683 ’
312 682 468 754 sceretur,
503 676 623 737 maiore
656 681 827 756 praetextu
857 675 906 736 illi
938 677 1162 736 anctoritatem
1195 681 1341 752 senatus,
1380 676 1434 738 hie

311 775 532 852 dignationem
554 774 697 836 Caesaris
711 774 846 836 laturus.
868 775 1022 836 Placebat
1035 780 1067 836 et
1081 775 1257 851 Laconem,
1279 776 1433 854 praetorii

311 873 526 954 praefectum,
548 872 646 933 simul
661 873 763 933 mitti:
779 873 806 934 is
820 873 954 934 consilio
969 873 1156 934 intercessit.
1179 872 1288 950 Legati
1304 892 1434 952 quoque

312 976 402 1051 (nam
434 976 564 1033 senatus
594 971 783 1032 electionem
816 970 938 1031 Galbae
969 971 1170 1049 permiserat)
1203 970 1296 1031 foeda
1323 971 1433 1031 incon-

312 1070 431 1131 stantia
458 1067 617 1130 nominati
638 1067 783 1129 excusati
805 1067 988 1146 substituti,
1017 1068 1143 1129 ambitu
1163 1068 1352 1128 remanendi
1375 1073 1431 1129 aut
1450 1080 1464 1131 5

258 1168 297 1229 20
312 1167 426 1246 eundi,
448 1173 485 1229 ut
506 1185 667 1246 quemque
689 1172 794 1227 metus
815 1166 868 1227 vel
888 1185 960 1245 spes
977 1166 1148 1244 inpulerat.
1171 1166 1324 1226 Proxima
1338 1185 1433 1245 pecu-

310 1267 383 1327 niae
415 1285 506 1342 cura3
538 1270 570 1327 et
601 1268 718 1325 cuneta
748 1265 969 1325 scrutantibus
1000 1264 1215 1325 iustissimum
1246 1264 1356 1326 visum
1385 1269 1432 1325 est

310 1364 386 1424 inde
407 1363 524 1443 repeti,
545 1362 601 1423 ubi
623 1362 751 1440 inopiae
772 1381 870 1423 causa
892 1368 968 1423 erat.
994 1357 1048 1423 Bis
1070 1367 1103 1423 et
1123 1362 1221 1423 vicies
1242 1361 1349 1423 milies
1371 1381 1432 1423 ses-

310 1462 442 1523 tertium
484 1460 720 1522 donationibus
752 1461 835 1521 Nero
874 1460 1040 1522 effuderat.
1082 1460 1249 1540 Appellari
1288 1460 1430 1537 singulos

311 1559 449 1638 <Galba>
480 1557 602 1636 iussit,
625 1558 762 1619 decuma
792 1564 885 1638 parte
916 1558 1119 1619 liberalitatis
1150 1558 1238 1638 apud
1269 1577 1429 1637 quemque
1448 1565 1475 1619 10

311 1676 422 1719 eorum
449 1655 568 1717 relicta.
598 1658 641 1717 At
669 1655 734 1716 illis
763 1657 819 1717 vix
846 1656 1002 1717 decumae
1023 1675 1119 1735 super
1139 1655 1303 1735 portiones
1325 1661 1430 1733 erant,

310 1754 415 1815 isdem
437 1774 511 1831 erga
531 1753 637 1814 aliena
658 1754 860 1832 sumptibus,
889 1754 1008 1833 quibus
1029 1774 1088 1814 sua
1108 1754 1335 1833 prodegerant‚
1358 1772 1431 1815 eum

310 1853 519 1932 rapacissimo
540 1852 656 1930 cuique
678 1871 715 1912 ac
736 1851 954 1931 perditissimo
976 1872 1043 1913 non
1064 1853 1130 1930 agri
1151 1857 1208 1913 aut
1224 1851 1355 1932 faenus,
1377 1851 1431 1913 sed

311 1950 379 2012 sola
419 1951 636 2011 instrumenta
676 1950 831 2011 vitiorum
870 1956 1047 2011 manerent.
1090 1950 1262 2011 Exactioni
1300 1950 1431 2027 triginta

311 2050 434 2129 equites
461 2048 599 2109 Romani
627 2048 819 2127 praepositi,
847 2068 971 2110 novum
1000 2048 1097 2109 officii
1124 2068 1224 2126 genus
1253 2053 1285 2109 et
1306 2048 1476 2109 ambitura

311 2166 348 2208 ac
375 2166 510 2207 numero
538 2164 719 2206 onerosum.
748 2146 876 2225 Ubique
904 2146 998 2208 hasta
1026 2151 1058 2207 et
1084 2151 1202 2224 sector,
1231 2152 1263 2207 et
1286 2146 1431 2225 inquieta

310 2244 387 2305 urbs
418 2243 631 2305 auctionibus,
671 2245 718 2303 Ac
748 2248 860 2305 tamen
890 2244 1009 2322 grande
1040 2244 1213 2322 gaudium.
1245 2243 1332 2323 quod
1364 2249 1430 2304 tam

310 2360 467 2421 pauperes
488 2340 608 2418 forent,
630 2341 748 2421 quibus
770 2340 922 2403 donasset
942 2343 1043 2418 Nera,
1066 2361 1165 2421 quam
1187 2342 1305 2420 quibus
1323 2339 1431 2401 abstu-

309 2439 407 2499 lisset.
430 2438 639 2500 Exauctorati
661 2458 791 2517 pereas
813 2438 882 2500 dies
901 2439 1039 2517 tribuni,
1062 2439 1253 2518 epraetorio
1268 2440 1430 2499 Antonius

310 2537 435 2598 Taurus
461 2542 493 2597 et
520 2536 682 2598 Antonius
710 2538 811 2615 Naso,
840 2557 881 2597 ex
909 2537 1042 2598 urbanis
1064 2536 1249 2598 cohortibus
1271 2536 1430 2597 Aemilius
1448 2544 1476 2599 20

310 2635 474 2712 Pacensis,
503 2634 660 2712 evigiliis
681 2634 786 2713 Iulius
808 2635 937 2695 Fronto.
969 2635 1033 2695 Nec
1054 2634 1234 2694 remedium
1255 2634 1289 2693 in
1311 2638 1430 2695 ceteros
1476 2708 1483 2722 ι

309 2732 387 2811 fuit,
409 2733 465 2794 sed
486 2737 592 2794 metus
613 2732 761 2810 initium,
784 2737 954 2811 tamquam
975 2751 1032 2812 per
1053 2737 1154 2793 artem
1176 2738 1207 2793 et
1224 2731 1431 2812 formidinem

311 2832 428 2908 singuli
449 2831 645 2910 pellerentur
666 2829 817 2891 omnibus
839 2830 1005 2909 suspectis.

257 2938 293 2998 21
350 2929 460 2989 Intera
488 2928 665 3004 Othonem,
693 2928 746 2988 eni
773 2928 960 3007 compositis
988 2927 1083 2989 rebus
1100 2927 1196 2988 'nulla
1217 2947 1306 3007 spes,
1335 2947 1431 2988 omne

309 3028 344 3088 in
374 3026 505 3089 turbido
537 3025 725 3103 consilium,
755 3026 861 3088 multa
889 3026 987 3087 simul
1014 3025 1268 3104 extimulabant,
1300 3025 1431 3087 luxuria
1449 3041 1482 3096 25

311 3125 408 3185 etiam
438 3124 577 3203 principi
609 3142 759 3200 onerosa,
793 3123 905 3202 inopia
934 3124 992 3185 vix
1023 3124 1149 3202 privato
1181 3123 1364 3201 toleranda,
1395 3123 1431 3184 in

311 3223 449 3285 Galbam
476 3223 539 3299 ira,
568 3222 603 3282 in
630 3221 781 3282 Pisonem
803 3221 936 3283 invidia.
966 3221 1122 3298 Fingebat
1143 3226 1175 3282 et
1196 3228 1336 3298 metum,
1365 3239 1431 3300 quo

310 3321 412 3397 magis
433 3320 680 3399 concupisceret.
703 3321 904 3398 Praegrauant
924 3340 953 3380 ae
973 3321 1088 3381 Neroni
1104 3319 1218 3397 scrisse,
1240 3339 1291 3380 aec
1309 3316 1431 3399 Lusita-

309 3419 396 3479 astam
422 3439 527 3480 rorare
547 3427 574 3479 et
594 3419 720 3479 allerias
740 3418 825 3479 exilii
846 3418 985 3478 bonorem
1006 3418 1227 3497 eapectaadarn.
1257 3417 1433 3496 Sanpeetum

308 3536 421 3596 seraper
457 3517 645 3594 turbamque
674 3515 915 3593 dominantibus,
954 3515 1007 3594 qai
1033 3516 1190 3594 praeimus
1221 3515 1431 3575 destinaretur.
1451 3534 1487 3589 30

309 3616 450 3676 Noeaiaae
470 3615 505 3675 id
524 3614 581 3675 sibi
601 3614 687 3694 apud
706 3633 802 3683 aeram
819 3613 1011 3692 principem
1038 3612 1326 3690 respiramenta
1346 3611 1433 3690 apud

346 3842 368 3891 1.
388 3847 523 3906 praetextu
543 3838 577 3890 Fl
595 3847 730 3905 praetexto
752 3838 874 3904 Woelfflin
893 3840 922 3905 rs.
941 3856 962 3889 e.
984 3839 1029 3902 70,
1050 3839 1098 3902 77,
1117 3837 1154 3888 Il.
1176 3836 1240 3901 100,
1261 3837 1312 3887 III.
1333 3835 1375 3889 88.
1396 3866 1430 3874 ·-

308 3928 344 3979 illi
362 3928 435 3996 calpa
453 3928 498 3979 ille
516 3928 546 3979 F.
573 3958 606 3966 -
624 3928 672 3979 his.
701 3957 733 3965 -
753 3928 777 3981 6.
797 3944 907 3994 quenq,
934 3957 967 3965 —
987 3926 1011 3979 8.
1031 3926 1114 3977 milies
1132 3921 1238 3994 Lipsiae
1257 3926 1327 3978 mille
1344 3925 1374 3976 F.
1395 3954 1431 3963 -

310 4016 350 4070 10.
372 4016 493 4086 <Galbajr
508 4016 571 4068 aaa
583 4045 615 4054 -
627 4034 728 4083 quenq;
748 4017 834 4068 -14,
855 4015 996 4067 exactionis
1006 4014 1048 4067 Fl.
1070 4017 1156 4068 -’17.
1176 4014 1429 4086 ἃιιοῐίοηὶδιιεᾘὴεη.

308 4106 451 4158 actionibus
476 4108 504 4172 cf.
521 4125 549 4173 p.
570 4107 594 4157 7.
613 4104 656 4159 25.
676 4136 710 4143 —
731 4106 772 4159 18.
797 4105 936 4156 donassent
953 4104 995 4156 Fl.
1023 4135 1054 4143 —
1075 4104 1118 4155 21.
1140 4104 1267 4170 euigiliis
1285 4103 1430 4155 Beroaldus

307 4195 426 4261 suigililis
450 4195 472 4246 F
497 4194 649 4261 euigilibus
667 4194 769 4245 alicua.
796 4223 829 4231 -
848 4192 891 4245 22.
911 4194 1050 4245 formidine
1068 4194 1195 4245 Heraea-r.
1223 4223 1255 4231 —
1274 4192 1317 4244 27.
1337 4191 1429 4243 Galba.
