3409 4909
344 449 383 509 92
771 467 912 510 connum
934 467 1045 509 suomi
1313 455 1348 518 (a.
1369 471 1394 505 u.
1415 452 1467 505 822

342 636 469 714 uictum,
501 636 567 697 iam
597 636 822 697 desiderabilem
853 644 880 696 ct
910 656 1056 715 mapnum
1082 638 1255 715 principem
1277 636 1368 714 fecit,
1401 658 1468 698 cam

343 733 467 795 interim
497 735 615 813 sparpit
642 735 782 813 iepiones,
814 743 950 795 exarmat
978 736 1120 810 cohortes,
1153 755 1231 796 nooa
1258 736 1366 798 cotidie
1394 735 1467 795 bello

343 832 459 902 semina
488 832 654 893 ministrat.
686 831 722 892 Si
752 833 828 909 quid
858 833 978 893 ardoris
1009 853 1044 893 ac
1071 832 1203 910 ferociae
1229 834 1314 893 miles
1343 832 1465 909 naute,

339 931 466 1008 popinis
487 939 513 990 ct
534 930 789 991 comissationibus
810 939 837 991 et
852 932 1008 1010 principis
1028 932 1200 992 imitatione
1220 931 1372 991 deteritur.
1400 930 1467 991 Tibi

344 1047 358 1087 e
385 1028 503 1088 Iudaea
530 1036 557 1087 et
584 1027 677 1106 Spriu
704 1036 730 1087 ct
757 1023 893 1106 ⁴riepppto
922 1047 1024 1088 novem
1051 1029 1177 1106 lepiones
1196 1030 1346 1107 inteprac,
1378 1028 1497 1094 nutias

343 1126 407 1186 acie
427 1126 599 1197 esnaeistae,
627 1146 688 1186 non
709 1126 861 1187 discordia
882 1135 1052 1205 corruptae,
1074 1127 1126 1187 sed
1140 1126 1285 1205 firmatus
1304 1146 1362 1186 usu
1381 1126 1467 1186 miles
1508 1200 1510 1205 Ι

291 1295 293 1299 ¹
345 1233 371 1284 et
398 1224 467 1284 beili
494 1225 623 1285 domitor
650 1226 782 1300 entecni;
810 1226 952 1285 classium
979 1226 1101 1285 alarum
1128 1226 1293 1285 cohortium
1313 1223 1419 1284 robora
1440 1232 1466 1284 et

291 1322 329 1384 77
339 1322 486 1402 fidissimi
512 1343 592 1401 repes
617 1331 644 1383 ct
666 1331 719 1383 tua
740 1332 810 1383 ante
830 1324 928 1384 mnnis
949 1324 1137 1401 enpcrimtia.
1166 1322 1260 1383 Nobis
1280 1322 1363 1383 nihil
1382 1323 1466 1382 uitro

343 1420 507 1499 admoneo,
530 1440 621 1497 quam
641 1440 678 1480 ne
694 1429 762 1498 post
789 1421 942 1497 Valentem
963 1428 989 1480 et
1014 1421 1174 1482 Caecinam
1194 1440 1393 1480 numeremur.
1421 1420 1467 1479 Ne

345 1527 445 1580 tamen
466 1520 647 1580 Mucianum
666 1520 778 1579 socium
798 1520 955 1598 spreveris,
979 1520 1052 1598 quia
1073 1519 1225 1580 aemulum
1238 1517 1513 1597 nonecpcriris.10

344 1618 395 1678 Me
422 1617 540 1678 Vitellio
561 1625 725 1695 antepono,
748 1625 774 1677 tc
793 1617 881 1678 mihi.
912 1618 993 1678 Tuae
1014 1618 1118 1678 domui
1140 1618 1323 1695 triumphale
1343 1637 1465 1694 nomen,

344 1716 403 1775 duo
431 1716 564 1791 iuuenes,
590 1735 687 1794 capon
713 1715 778 1776 iam
803 1716 928 1793 imperii
948 1716 1025 1776 niter
1045 1724 1072 1775 et
1089 1715 1203 1794 primis
1223 1716 1355 1776 miiitiae
1376 1716 1467 1774 annis

344 1813 429 1892 apud
451 1802 643 1873 Germanicos
664 1833 776 1890 quoque
797 1813 939 1873 coercitus
959 1815 1067 1874 clarus.
1096 1812 1272 1873 Absurdum
1287 1812 1385 1890 suerit
1407 1831 1467 1871 non

246 1921 260 1937 ³
344 1911 441 1972 cedere
462 1910 589 1989 imperio
610 1910 651 1987 ei,
674 1911 759 1971 cuius
774 1910 879 1990 fliium
899 1911 1099 1989 adoptaturus
1119 1931 1222 1989 essem,
1243 1912 1270 1970 si
1291 1911 1353 1989 ipsi
1374 1911 1466 1988 impe-

344 2029 452 2070 rarem.
478 2010 612 2069 Ceterum
633 2009 713 2069 inter
733 2028 785 2070 nos
805 2028 866 2068 non
887 2009 968 2070 idem
985 2029 1201 2088 prosperarum
1215 2009 1467 2086 aduersorumque
1485 2022 1514 2073 15

344 2127 444 2166 rerum
475 2106 546 2167 ordo
576 2108 641 2167 erit.
673 2108 758 2167 Nam
787 2107 814 2167 si
840 2108 1005 2185 uincimus,
1038 2109 1189 2185 honorem,
1221 2128 1307 2185 quem
1334 2107 1465 2182 ricciario,

345 2204 469 2265 habebo:
498 2206 659 2265 discrimem
686 2225 721 2264 ac
744 2206 884 2283 pericula
912 2225 945 2265 erc
972 2226 1063 2283 aequo
1080 2207 1260 2285 partiemur.
1290 2205 1405 2283 Immo,
1434 2212 1467 2264 ut

344 2303 451 2364 melius
478 2311 534 2381 cst,
563 2306 635 2382 <tu>
659 2312 722 2389 tuos
743 2304 884 2364 coercitus
903 2324 984 2383 repe,
1011 2304 1091 2364 mihi
1111 2303 1218 2416 {pilum
1238 2311 1265 2363 ct
1281 2303 1467 2381 proeliorum

299 2483 301 2487 ἱ
344 2401 460 2461 incerta
498 2401 592 2463 trade.
630 2402 756 2462 Acriore
793 2401 881 2462 hodic
919 2402 1084 2480 disciplina
1121 2402 1194 2461 uicti
1224 2421 1315 2479 quam
1346 2400 1467 2460 uictores

345 2507 448 2578 apunt.
471 2500 537 2560 Hos
557 2500 608 2559 ira
629 2499 748 2577 odimn,
769 2500 897 2560 ultionis
918 2500 1069 2579 copiditas
1090 2500 1132 2560 ad
1151 2500 1293 2560 uirtutem
1313 2498 1466 2558 accendit:
1484 2506 1516 2561 20

344 2598 395 2659 iiii
411 2618 468 2677 per
484 2597 653 2675 fastidium
674 2606 700 2657 et
721 2598 942 2659 contumaciam
963 2596 1123 2657 hebescunt.
1145 2597 1270 2675 Aperiat
1291 2603 1317 2655 et
1338 2595 1467 2655 recludet

345 2704 475 2757 contecta
496 2704 523 2756 ct
545 2695 736 2756 tumescentia
755 2695 926 2755 uictricium
942 2696 1083 2773 partium
1102 2696 1223 2755 uolnera
1236 2694 1344 2755 betium
1358 2694 1466 2771 ipsum.

344 2796 407 2856 Nec
432 2794 512 2855 miii
531 2795 631 2854 maior
651 2793 686 2855 in
708 2802 761 2853 tua
781 2794 947 2871 oipilnntia
963 2793 1159 2872 parsimonia
1179 2793 1333 2870 sapientia
1348 2791 1468 2871 fiducia

345 2901 386 2954 cst
414 2914 506 2971 quam
531 2892 567 2952 in
600 2891 717 2952 Vitellii
738 2899 853 2969 torpore
874 2891 998 2951 inscitia
1018 2890 1154 2951 saeuitia.
1183 2889 1242 2950 Sed
1261 2889 1414 2950 meliorem
1433 2889 1468 2948 in

344 2991 417 3054 odio
454 3010 576 3052 causam
610 3010 703 3067 quam
733 2989 768 3049 in
796 3010 873 3068 pace
904 2990 1060 3050 habemus:
1098 3008 1172 3048 nam
1202 2987 1254 3065 qui
1286 2987 1466 3064 deliberant,
1485 2997 1518 3051 25

346 3089 537 3150 desciuerunt.

291 3196 331 3261 78
385 3188 463 3247 Post
500 3185 644 3246 Muciani
681 3185 860 3247 orationem
898 3185 994 3260 ceteri
1029 3184 1201 3245 audentius
1233 3182 1468 3243 circumsistere

344 3284 483 3361 hortari,
505 3302 659 3363 responsa
679 3289 792 3344 vatum
815 3287 846 3344 et
867 3282 1009 3344 siderum
1030 3288 1138 3343 motus
1160 3281 1283 3342 referre.
1312 3280 1379 3341 Nec
1401 3283 1469 3341 erat

344 3384 485 3445 intactus
522 3381 581 3442 tali
618 3382 861 3461 superstitione,
900 3385 938 3441 ut
975 3380 1032 3460 qui
1067 3400 1145 3441 mox
1175 3398 1283 3441 rerum
1315 3377 1468 3439 dominus

345 3481 515 3543 Seleucum
547 3479 711 3559 quendam
741 3479 1013 3540 mathematicum
1044 3483 1199 3539 rectorem
1227 3482 1259 3538 ei
1285 3476 1468 3555 praescium
1486 3487 1519 3542 30

344 3680 505 3688 ——-—-—--

380 3813 405 3863 4.
439 3811 662 3863 nimissationibus
689 3812 720 3863 F.
750 3842 783 3850 -
811 3808 992 3881 tibieiludea.
1013 3842 1046 3850 -
1066 3813 1090 3864 7.
1110 3812 1208 3863 domito
1226 3811 1359 3878 rexterni
1372 3810 1414 3863 sl.
1436 3840 1469 3849 -

345 3900 370 3954 8.
389 3900 462 3953 omis.
483 3932 516 3938 —
536 3901 560 3959 9.
580 3909 638 3967 post
657 3901 805 3968 Valentem]
825 3902 971 3967 postulante
989 3899 1024 3951 Fl
1042 3918 1104 3952 corr.
1123 3919 1155 3951 m.
1171 3901 1196 3953 3.
1216 3930 1249 3938 —
1265 3902 1306 3953 17.
1326 3900 1470 3967 partiemur

345 3990 513 4055 Rumonem,
533 3990 635 4042 Meiscr.
656 4020 689 4029 -
710 3990 751 4044 18.
773 3988 838 4060 (tu)
859 3999 917 4042 tuos
934 3990 1065 4058 Kiesslinp
1084 3998 1142 4041 tuos
1160 3990 1183 4041 F
1202 3998 1231 4041 tu
1249 3990 1297 4041 hos
1316 3990 1399 4041 Halm
1415 4007 1471 4041 cum

344 4081 486 4140 Putcohmo
504 4071 533 4133 tii
551 4089 623 4133 tutus
640 4081 721 4149 Nipp.
740 4081 821 4132 immo
839 4088 868 4131 tu
883 4080 973 4131 melius
983 4098 1016 4132 ex
1026 4087 1082 4131 tuto
1094 4080 1304 4146 exercitusreges
1314 4079 1414 4131 Haase.
1436 4107 1469 4117 -

345 4169 388 4221 21.
408 4170 569 4222 contumacia
586 4170 728 4222 hebescunt
746 4170 777 4221 F.
798 4200 831 4208 -
851 4168 894 4221 27.
914 4169 1060 4220 audientius
1078 4168 1120 4221 Fl.
1415 4154 1417 4158 ¹
