3409 4909
295 510 321 560 p.
340 492 387 544 ch.
407 492 499 559 69s70)
627 461 855 564 ursronrnaun
876 489 932 550 IV.
955 465 1081 550 35-38.
1317 582 1320 586 .
1360 488 1418 554 179

295 698 352 758 per
379 678 527 740 tenebras
555 678 719 755 ignoratus
748 677 910 739 evasisset.
941 676 1004 737 Ubi
1033 677 1144 737 sedato
1165 677 1290 756 impetu
1311 681 1417 737 metus

294 776 405 853 rediit,
444 776 646 847 centuriones
684 794 759 837 cum
797 775 945 854 epistulis
985 773 1025 834 ad
1059 775 1205 836 civitates
1236 773 1418 836 Galliarum

294 875 425 951 misere,
454 873 578 934 auxilia
606 892 643 933 ac
670 872 832 951 stipendia
860 878 1014 933 oraturos.
1048 871 1132 951 Ipsi,
1164 878 1202 933 ut
1229 876 1277 933 est
1303 873 1417 949 volgus
1432 872 1470 939 37

294 974 363 1033 sine
394 977 516 1033 rectore
546 989 698 1051 praeceps
729 970 888 1049 pavidum
919 988 1042 1046 socors,
1075 968 1270 1030 adventante
1299 970 1416 1047 Civile,

258 1082 275 1133 5
293 1070 395 1149 raptis
422 1075 542 1131 temere
569 1069 725 1129 armis-ac
746 1068 857 1129 statim
879 1067 1023 1143 omissis,
1051 1067 1086 1127 in
1107 1066 1217 1143 fugam
1238 1072 1416 1129 vertuntur.

293 1169 356 1229 Res
395 1169 548 1230 adversae
586 1166 780 1227 discordiam
820 1184 986 1245 peperere,
1025 1165 1080 1242 iis,
1119 1164 1176 1243 qui
1207 1183 1224 1225 e
1255 1166 1418 1244 superiore

293 1266 436 1327 exercitu
464 1270 571 1342 erant,
598 1283 732 1348 causam
759 1284 853 1325 suam
875 1261 1132 1324 dissociantibus.
1165 1261 1287 1323 Vitellii
1308 1266 1418 1323 tamen

293 1364 449 1440 imagines
470 1363 505 1423 in
527 1363 639 1423 castris
662 1366 693 1423 et
714 1382 770 1442 per
791 1362 956 1440 proximas
977 1360 1149 1438 Belgarum
1168 1360 1314 1421 civitates
1328 1379 1418 1439 repo-

293 1462 391 1539 sitae,
417 1481 491 1521 cum
520 1461 585 1520 iarn
615 1459 766 1521 Vitellius
795 1459 973 1521 occidisset.
1003 1458 1086 1518 Dein
1115 1458 1232 1517 mutati
1253 1458 1288 1517 in
1309 1458 1418 1536 paeni-

239 1567 275 1621 10
293 1559 430 1620 tentiam
459 1558 599 1637 primani
627 1558 841 1636 quartanique
871 1561 902 1617 et
926 1555 1238 1618 duoetvicensimani
1261 1555 1418 1615 Voculam

293 1661 489 1734 sequuntur,
518 1654 607 1734 apud
635 1674 733 1734 quem
754 1659 919 1733 resumpto
941 1653 1133 1732 Vespasiani
1155 1658 1355 1714 sacramento
1377 1652 1418 1712 ad

292 1752 498 1813 liberandum
530 1753 726 1830 Mogontiaci
758 1752 921 1814 obsidium
953 1751 1163 1812 ducebantur.
1201 1751 1419 1812 Discesserant

292 1850 489 1926 obsessores,
529 1850 653 1911 mixtus
691 1870 708 1911 e
746 1850 872 1911 Chattis
908 1849 1017 1928 Usipis
1049 1849 1210 1909 Mattiacis
1243 1849 1417 1924 exereitus,

292 1947 441 2007 satietate
469 1946 606 2025 praedae
634 1966 692 2007 nec
720 1946 897 2007 incruenti:
926 1947 960 2006 in
985 1946 1038 2007 via
1060 1946 1220 2025 dispersos
1242 1950 1273 2006 et
1294 1945 1418 2006 nescios

237 2058 273 2109 15
292 2044 387 2105 miles
408 2050 516 2105 noster
536 2045 707 2105 invaserat.
734 2045 821 2116 Quin
842 2049 875 2104 et
895 2044 1028 2105 loricam
1050 2043 1240 2123 vallumque
1261 2063 1318 2122 per
1338 2042 1418 2103 fines

292 2161 368 2203 suos
403 2143 533 2204 Treveri
564 2148 709 2203 struxere
741 2143 930 2221 magnisque
962 2142 997 2201 in
1028 2132 1131 2203 vicem
1165 2141 1312 2202 cladibus
1344 2160 1418 2201 cum

293 2240 463 2301 Germanis
485 2239 666 2316 certabant,
688 2240 789 2301 donec
811 2240 935 2316 egregia
956 2259 1029 2317 erga
1050 2239 1210 2318 populum
1232 2239 1417 2299 Romanum

293 2338 409 2398 merita
429 2358 507 2397 mox
528 2337 662 2398 rebelles
682 2336 859 2398 foedarent.

333 2436 460 2495 Interea
488 2435 707 2514 Vespasianus
729 2435 847 2495 iterum
869 2454 906 2495 ae
927 2435 1019 2495 Titus
1042 2434 1247 2495 consulatum
1270 2434 1417 2495 absentes
1432 2441 1470 2502 38

235 2544 274 2599 20
292 2532 450 2610 inierunt,
480 2538 602 2593 maesta
623 2541 655 2593 et
675 2532 850 2611 multiplici
873 2537 962 2593 metu
983 2550 1140 2610 suspensa
1161 2532 1307 2608 civitate,
1334 2551 1417 2611 quae

293 2649 390 2709 super
427 2631 582 2691 instantia
620 2631 707 2690 mala
745 2630 842 2691 salsos
874 2649 1009 2709 pavores
1041 2628 1206 2706 induerat,
1246 2628 1416 2691 descivisse

293 2727 437 2788 Africam
457 2747 507 2788 res
528 2747 629 2789 novas
651 2728 804 2789 moliente
824 2729 859 2788 L.
882 2729 1006 2789 Pisone.
1030 2728 1062 2787 Is
1083 2729 1159 2805 <pro
1175 2727 1326 2806 consule>
1346 2746 1417 2805 pro-

293 2825 435 2902 vinciae,
457 2844 664 2904 nequaquam
678 2825 828 2886 turbidus
843 2826 987 2902 ingenio;
1005 2824 1062 2885 sed
1078 2826 1154 2904 quia
1169 2844 1268 2885 naves
1283 2825 1418 2886 saevitia

293 2922 410 2982 hiemis
448 2922 719 3001 prohibebantur,
759 2922 871 3000 volgus
909 2919 1073 2983 alimenta¹
1101 2923 1135 2983 in
1174 2923 1242 2983 dies
1281 2923 1417 2984 mercari

235 3034 273 3088 25
293 3020 443 3098 solitum,
483 3021 535 3081 cui
566 3040 632 3081 una
663 3040 703 3081 ex
734 3040 766 3082 re
797 3021 929 3099 publica
960 3040 1107 3081 annonae
1139 3040 1231 3097 cura,
1269 3021 1416 3083 clausurn

292 3117 387 3195 litus,
415 3119 545 3179 retineri
566 3124 782 3195 commeatus,
805 3118 885 3178 dum
906 3118 1015 3193 timet,
1038 3119 1202 3196 credebat,
1226 3119 1417 3197 augentibus

293 3215 415 3276 samam
437 3216 636 3292 Vitellianis,
659 3217 716 3295 qni
738 3217 884 3277 studium
905 3217 1048 3295 partium
1064 3216 1210 3277 nondum
1226 3223 1416 3295 posuerant,

293 3333 334 3374 ne
362 3313 539 3374 victoribus
568 3314 700 3392 quidem
728 3314 854 3391 ingrato
882 3333 1026 3391 rumore,
1056 3333 1195 3393 quorum
1224 3314 1416 3392 cupiditates

293 3412 435 3472 externis
471 3431 600 3491 quoque
631 3411 724 3471 bellis
756 3412 968 3490 inexplebiles
1000 3412 1092 3472 nulla
1124 3431 1281 3491 umquam
1314 3410 1417 3473 civilis

437 3704 447 3737 1
626 3704 642 3737 v

329 3757 354 3808 ⁶2.
380 3758 448 3808 redit
465 3758 496 3809 F.
522 3787 554 3795 -
575 3760 599 3811 5.
625 3764 730 3809 fitentur
749 3759 779 3808 F.
805 3788 838 3795 -
861 3758 900 3809 13.
927 3774 959 3808 ex
978 3758 1070 3808 chattis
1089 3756 1171 3806 Rhea.
1191 3764 1217 3806 ct
1235 3756 1308 3806 caitis
1326 3757 1356 3806 F.
1383 3786 1416 3792 —

295 3847 336 3898 il.
357 3847 485 3897 incruenti
504 3848 628 3913 Agricola
645 3847 781 3897 incruenta
799 3863 827 3897 re
844 3846 941 3896 Metrer
959 3846 1114 3896 incruentati
1133 3845 1195 3910 quia
1213 3844 1333 3894 Heracus
1347 3843 1416 3893 —in

294 3936 340 3987 uia
357 3935 495 4003 dispersos]
514 3936 672 3986 incruentari
692 3935 736 3985 uia
755 3935 898 4000 adispersos
911 3936 941 3985 F.
962 3935 1049 3986 -19,
1070 3934 1162 3984 actitus
1171 3932 1206 3984 F2
1216 3932 1310 3983 accitus
1320 3931 1362 3982 F1.
1384 3961 1416 3969 -

293 4023 337 4077 20.
356 4017 431 4075 iniei.
452 4055 486 4062 -
505 4022 547 4076 21.
568 4020 690 4074 instantia
709 4025 731 4074 F
751 4024 819 4091 (del.
840 4029 893 4086 eat).
914 4053 947 4059 -
967 4022 1008 4073 2‘2.
1031 4021 1219 4090 (proconsule)
1240 4022 1292 4072 Iac.
1309 4021 1415 4072 Gronov.

295 4112 452 4183 <praeerat>
478 4113 532 4163 cdd.
560 4113 638 4178 sequti.
666 4143 699 4149 —
718 4112 761 4164 26.
787 4116 915 4162 comeatsrs
933 4112 956 4161 F
976 4112 1093 4177 (ulterram
1110 4112 1168 4161 -del
1195 4118 1248 4175 est).
1270 4140 1302 4147 -
1322 4109 1364 4162 28.
1385 4127 1417 4160 ne

293 4204 347 4253 Iun.
370 4201 484 4253 Gronoc:
503 4218 550 4252 nee
568 4202 597 4252 F.
619 4232 652 4238 —
671 4200 713 4253 29.
734 4202 803 4251 nulla
821 4202 843 4251 F
863 4201 932 4265 (olel.
953 4204 1007 4265 eat).

1262 4286 1309 4338 12*
