3409 4909
590 1048 631 1130 Ρ,
657 1046 896 1131 coausu
924 1048 1102 1133 iacui

500 1270 1189 1390 Hrsronrnnum

705 1504 817 1555 LIBER
837 1505 986 1557 PRIMUS.

794 1687 900 1695 ———

323 1823 464 1884 Initium
492 1823 574 1883 mihi
602 1824 707 1903 operis
735 1822 865 1886 Servius
894 1824 998 1886 Galba
1025 1826 1144 1887 iterum
1172 1827 1264 1888 Titus
1291 1829 1407 1889 l'inius

279 1919 435 1998 consules
463 1926 566 1981 erunt.
598 1922 683 1982 Nam
711 1927 784 2001 post
812 1922 978 1983 conditam
1006 1922 1118 1984 urbem
1148 1925 1347 2002 octingentos
1377 1931 1408 1987 et

278 2019 402 2097 viginti
430 2020 544 2098 prioris
573 2020 644 2082 aevi
671 2040 773 2082 annos
801 2021 899 2082 multi
923 2027 1068 2082 auctores
1090 2022 1299 2099 rettulerunt,
1329 2023 1408 2083 dum

279 2135 335 2189 res
357 2116 472 2195 populi
492 2116 631 2178 Romani
652 2117 931 2193 memorabantur,
960 2118 1030 2197 pari
1053 2118 1236 2197 eloquentia
1257 2139 1293 2180 ac
1315 2120 1408 2181 liber-

239 2238 258 2288 5
280 2218 370 2290 tate3
392 2219 566 2293 postquam
586 2214 745 2276 bellatum
766 2216 855 2295 apud
876 2216 1009 2277 Actium
1030 2220 1127 2295 atque
1149 2236 1279 2278 omnem
1297 2223 1408 2296 poten-

279 2312 368 2373 tiam
396 2311 438 2372 ad
465 2331 570 2373 unum
597 2312 734 2374 conferri
760 2313 849 2393 pacis
874 2313 1035 2391 interfuit,
1064 2333 1181 2391 magna
1202 2314 1259 2375 illa
1280 2315 1408 2392 ingenia

281 2428 408 2471 cessere
416 2430 423 2485 ;
439 2409 537 2470 simul
551 2410 669 2471 veritas
680 2409 828 2490 pluribus
841 2410 946 2471 modis
957 2410 1109 2486 infracta,
1125 2412 1268 2490 primum
1279 2412 1409 2473 inscitia

280 2508 331 2569 rei
354 2507 503 2586 publicae
523 2513 561 2570 ut
582 2508 722 2585 alienae,
749 2528 828 2569 mox
848 2508 984 2569 libidine
1005 2508 1196 2569 adsentandi
1218 2514 1274 2569 aut
1295 2528 1405 2570 rursus

281 2606 363 2668 odio
384 2605 537 2667 adversus
559 2606 778 2667 dominantes:
800 2606 846 2668 ita
860 2606 982 2668 neutris
997 2625 1074 2667 cura
1088 2606 1299 2686 posteritatis,
1322 2607 1407 2667 inter

232 2732 261 2785 [0
282 2703 430 2764 infensos
451 2702 503 2765 vel
524 2702 689 2765 obnoxios.
712 2703 774 2765 Sed
795 2703 1007 2766 ambitionem
1028 2704 1191 2782 scriptoris
1209 2704 1302 2765 facile
1317 2724 1407 2767 aver-

283 2800 381 2875 seris,
404 2800 592 2862 obtrectatio
613 2806 645 2863 et
665 2800 748 2863 livor
769 2801 879 2880 pronis
898 2801 1028 2862 auribus
1044 2801 1264 2881 accipiuntur:
1286 2802 1408 2882 quippe

284 2897 467 2959 adulationi
489 2898 619 2959 foedum
641 2899 762 2960 crimen
780 2899 960 2975 servitutis,
981 2899 1176 2976 malignitati
1191 2899 1272 2960 falsa
1287 2900 1408 2979 species

283 2996 445 3057 libertatis
466 2996 558 3057 inest.
580 2996 664 3057 Mihi
685 2996 789 3057 Galba
811 2996 897 3058 Otho
919 2996 1070 3057 Vitellius
1090 3016 1149 3058 uec
1170 2997 1325 3059 beneficio
1348 3018 1406 3058 nec

283 3093 407 3154 iniuria
428 3093 562 3170 cogniti:
583 3093 774 3171 dignitatem
794 3099 939 3155 nostram
957 3115 976 3154 a
991 3095 1189 3173 Vespasiano
1205 3095 1408 3170 inchoatam,

232 3223 262 3273 15
284 3212 304 3252 a
326 3191 401 3252 Tito
423 3196 567 3268 auctam,
596 3212 615 3251 a
637 3192 823 3253 Domitiano
844 3191 972 3269 longius
994 3198 1179 3271 provectam
1200 3212 1266 3253 non
1287 3193 1410 3253 abnue-

284 3291 365 3366 rim,
388 3288 444 3350 sed
464 3289 684 3369 incorruptam
706 3288 804 3350 fidem
824 3289 975 3368 professis
992 3309 1096 3369 neque
1112 3310 1220 3350 amore
1234 3291 1408 3369 quisquam

284 3392 318 3448 et
346 3387 416 3447 sine
443 3387 518 3449 odio
545 3386 702 3449 dicendus
729 3392 786 3448 est.
808 3387 904 3459 Quod
925 3387 952 3448 si
973 3387 1040 3448 vita
1061 3387 1261 3467 suppeditet,
1291 3387 1410 3466 princi·

284 3489 403 3563 patum
425 3483 494 3545 divi
514 3484 637 3547 Nervae
658 3490 690 3546 et
710 3484 886 3564 imperium
906 3485 1051 3562 Traiani,
1073 3484 1252 3545 uberiorem
1271 3483 1408 3544 securio-

284 3601 421 3661 remque
434 3581 618 3660 materiam,
632 3582 790 3643 senectuti
805 3582 947 3661 seposui,
963 3602 1034 3642 rara
1048 3587 1231 3660 temporum
1243 3580 1407 3658 felicitate,

232 3709 264 3764 20
284 3679 344 3740 ubi
366 3678 499 3757 sentire,
520 3698 603 3758 quae
624 3678 720 3757 velis
742 3684 773 3740 et
794 3699 877 3759 quae
899 3679 1033 3756 sentias,
1055 3678 1159 3739 dicore
1180 3677 1263 3739 licet.

321 3905 457 3956 Historiae
478 3905 645 3971 inscriptione
663 3912 759 3956 carent.
779 3905 811 3956 In
830 3902 1058 3969 subscriptionibus
1077 3901 1202 3953 librorum
1221 3902 1406 3953 continuantur·

285 3994 389 4045 numeri
406 3994 532 4045 librorum
549 3994 703 4057 Annalium,
724 4002 751 4044 ut
770 3993 834 4044 liber
852 3993 866 4043 1
885 3993 916 4043 sit
936 3991 1014 4042 Liber
1033 3990 1117 4042 XVII
1135 3999 1160 4043 et
1176 3991 1212 4041 sio
1226 3990 1353 4057 deinceps.
1374 4022 1408 4028 -

289 4087 311 4137 l.
337 4084 431 4135 Iunius
453 4083 507 4134 cdd.
532 4084 590 4134 dea.
620 4113 652 4121 -
677 4082 702 4134 2.
732 4082 799 4149 [post
823 4082 953 4133 conditam
979 4079 1077 4147 urbem]
1104 4080 1141 4131 H.
1170 4079 1273 4131 Mulier.
1303 4110 1337 4118 —
1366 4078 1407 4133 10.

235 4167 238 4174 ’
284 4176 380 4225 tensos.
401 4201 434 4211 -
453 4172 604 4223 aduersaris.
624 4202 658 4210 —-
673 4170 717 4236 20.
736 4154 747 4221 l
765 4170 868 4222 sentias.

323 4274 485 4312 ‹tonumrus
503 4274 630 4312 merrus.
653 4260 709 4311 ΙΙΙ.
740 4244 745 4255 ’
1292 4257 1310 4307 i
