3409 4909
304 475 344 531 46
730 488 871 532 CORNELI
892 488 1003 531 rsc1rr
1275 477 1356 542 (aqu.
1375 474 1420 529 set
1465 463 1467 468 ’

305 659 446 718 exercitus
472 658 507 717 in
535 657 719 718 discordiam
745 677 839 735 spere,
868 678 904 718 ac
930 678 967 718 ne
995 659 1204 720 detrectatione
1232 659 1355 738 quidem
1374 667 1421 720 out
1465 703 1467 712 ·

301 756 470 832 formidine
492 756 710 834 periculorum,
739 756 839 815 nimr'a
865 756 963 835 pietas
983 765 1079 817 oestro
1101 757 1201 817 acrius
1222 776 1317 835 quom
1337 758 1421 818 comi·

306 853 407 913 derote
426 854 572 914 excitarit.
595 854 679 913 Nare
698 872 784 931 saepe
804 853 941 914 busestos
960 875 1061 915 rerum
1081 874 1201 933 causas,
1223 855 1260 915 ni
1279 856 1422 917 iudicium

306 951 464 1028 adbibeos,
488 950 653 1029 perniciosi
679 950 773 1012 exitus
800 960 999 1011 consecuntur.
1029 952 1114 1012 Imus
1141 952 1184 1012 od
1202 951 1321 1013 bellum.
1346 955 1422 1014 Num

306 1069 405 1111 omnes
424 1050 547 1109 numios
562 1050 673 1127 palam
693 1048 815 1125 audiri,
837 1050 941 1109 munio
958 1050 1085 1110 consilia
1100 1051 1212 1110 uinctis
1222 1052 1423 1129 praesentibus
1437 1061 1450 1114 5

308 1148 435 1207 tractari
464 1147 544 1207 ratio
574 1167 675 1207 rerum
704 1155 759 1206 ortt
789 1148 976 1208 occasionum
1005 1137 1143 1208 velocitas
1169 1149 1318 1226 patitur?
1356 1149 1422 1209 Tam

307 1246 417 1306 nescire
443 1245 592 1323 quaedam
618 1244 730 1305 milites
755 1265 847 1322 quam
873 1245 947 1305 scire
974 1254 1093 1324 oportet.
1122 1246 1175 1306 Ita
1195 1265 1224 1306 se
1245 1247 1357 1308 dueum
1376 1268 1424 1308 aa

308 1343 444 1419 moritus,
472 1344 514 1403 sic
534 1344 616 1421 riqor
636 1343 817 1422 disciplinae
838 1343 938 1421 babet,
960 1351 993 1404 ut
1013 1345 1113 1405 multa
1133 1344 1226 1405 etiam
1247 1345 1425 1405 centuriones

309 1442 499 1519 tribunosque
524 1449 644 1502 tantum
666 1440 762 1501 iuberi
783 1442 929 1519 expediat.
960 1441 1265 1518 sterelitatem,
1293 1462 1426 1521 qscoerere

307 1540 436 1619 sinqulis
457 1540 559 1615 liceat,
577 1547 719 1617 pereunte
739 1538 871 1616 obsequio
892 1539 985 1600 etiem
1005 1539 1168 1618 imperium
1187 1540 1353 1601 intercidit.
1378 1543 1427 1601 Au
1443 1548 1466 1603 10

309 1647 335 1699 et
362 1638 428 1699 illic
447 1646 529 1698 nocte
549 1637 726 1715 intempesto
746 1638 907 1715 rapientur
927 1638 1039 1698 arma?
1067 1657 1146 1698 renus
1165 1638 1276 1698 alterne
1292 1639 1428 1717 perditos

309 1758 344 1798 ac
373 1737 548 1798 temulentus
575 1739 681 1813 (neque
707 1736 788 1796 enim
810 1736 914 1814 plures
935 1735 1169 1796 consternatione
1185 1736 1331 1814 proxima
1350 1736 1428 1797 insa

309 1836 387 1895 nisse
408 1833 599 1911 crediderim)
621 1833 803 1893 centurionis
823 1853 859 1893 oc
880 1833 994 1893 tribuni
1014 1833 1161 1911 sanquine
1181 1852 1291 1894 manses
1306 1833 1428 1912 imbuet,

233 1953 235 1959 ·
257 1938 297 1999 84
311 1932 501 2011 imperatoris
520 1932 569 1991 sui
590 1932 750 1991 tentorium
770 1931 944 2009 inrumpet?
972 1932 1027 1991 Vos
1048 1931 1168 2009 quidem
1187 1931 1271 1991 istud
1286 1952 1347 2010 pro
1366 1952 1429 2005 me,·

310 2031 361 2090 sed
380 2030 416 2089 in
436 2030 572 2090 discursu
591 2048 627 2088 oc
648 2028 772 2088 tenebris
791 2037 818 2088 et
838 2048 939 2089 rerum
959 2028 1094 2089 munium
1111 2027 1283 2105 confusione
1292 2029 1430 2108 patefieri
1447 2038 1467 2092 ll

311 2128 423 2188 occasio
449 2128 541 2186 etiam
566 2126 706 2186 adversus
725 2146 772 2186 me
788 2134 892 2203 potest.
921 2125 957 2184 Si
983 2125 1102 2186 Vitellio
1123 2134 1151 2185 et
1171 2126 1351 2186 satellitibus
1371 2126 1430 2187 eius

311 2225 441 2304 elipendi
457 2224 593 2300 facultas
613 2223 714 2301 detur,
736 2243 822 2301 quem
841 2222 925 2283 nobis
945 2222 1099 2300 animam,
1121 2242 1196 2301 quas
1209 2230 1321 2284 mentes
1334 2224 1431 2303 inpre-

311 2332 427 2400 cmtur‚
450 2322 524 2400 qaid
543 2321 633 2381 aliud
653 2342 745 2399 qaam
764 2321 940 2381 seditionem
961 2329 988 2381 et
1009 2320 1193 2381 discordiam
1208 2320 1378 2399 optabant?
1398 2340 1431 2381 ne

310 2422 396 2483 miles
423 2419 605 2497 centurioni,
633 2438 670 2479 ne
696 2419 828 2479 centurio
858 2419 975 2478 tribuno
1003 2418 1191 2496 obsequatur,
1220 2418 1291 2478 binc
1317 2419 1432 2497 conscisi

308 2520 422 2599 pedites
442 2518 606 2596 equitesque
625 2517 661 2576 in
682 2516 806 2576 esitium
826 2535 959 2576 ruamus.
988 2515 1130 2576 Parendo
1147 2515 1266 2594 potius,
1289 2516 1467 2580 commitit(

313 2628 392 2679 tones
400 2666 407 2695 ,
429 2636 520 2695 quam
540 2616 670 2693 imperia
691 2614 801 2674 dudem
813 2614 992 2674 sciscitando
1006 2633 1051 2673 res
1064 2612 1213 2674 militares
1226 2614 1431 2689 continentar;

312 2724 339 2776 et
362 2715 549 2792 fortissimus
575 2714 611 2772 in
637 2701 703 2791 ipso
724 2712 899 2772 discrimine
919 2711 1059 2772 enercitus
1080 2718 1136 2784 est,
1165 2710 1217 2788 qui
1238 2718 1310 2771 ante
1331 2710 1433 2771 distri

312 2834 380 2874 men
400 2812 609 2891 quietissimus.
645 2810 730 2870 Vobis
750 2830 839 2870 armo
860 2818 887 2869 et
907 2810 1029 2870 animus
1049 2809 1107 2868 sit:
1129 2808 1207 2869 mibi
1228 2808 1433 2869 consiliumet

312 2912 434 2971 uirtutis
453 2917 565 2969 restrae
582 2908 714 2986 reqimen
727 2907 894 2985 relinquite.
917 2907 1089 2967 Paucorum
1103 2907 1193 2985 cstlpa
1202 2905 1269 2983 suit
1278 2954 1285 2983 ,
1308 2906 1434 2967 duorum

312 3028 408 3087 poeno
438 3006 512 3066 erit:
549 3007 635 3065 ceteri
666 3005 775 3066 abolete
804 3005 982 3065 memoriam
1008 3004 1203 3081 foedissimae
1232 3005 1337 3065 noctis.
1375 3005 1434 3065 Nee
1448 3015 1467 3068 u

313 3105 385 3165 illas
422 3103 562 3163 adsersus
598 3111 736 3163 senatum
768 3122 847 3162 noces
877 3102 957 3162 collus
986 3122 1115 3179 nsquam
1145 3103 1286 3162 coercitus
1317 3102 1432 3162 erudiat

317 3202 416 3279 Caput
436 3200 558 3277 imperii
579 3207 606 3259 et
626 3200 730 3259 decora
751 3200 887 3260 ommam
897 3198 1127 3277 prouinciarum
1141 3198 1182 3258 ad
1191 3218 1323 3276 poenam
1336 3216 1435 3260 ooeorc

314 3319 375 3359 non
402 3298 516 3358 berou-le
543 3298 608 3373 illi,
637 3317 708 3375 quos
735 3318 801 3357 cnm
822 3297 951 3356 mariam
979 3296 1116 3356 Vitellius
1136 3296 1171 3355 in
1191 3315 1244 3356 nos
1263 3296 1336 3373 ciet,
1366 3296 1433 3357 Ger-

313 3396 401 3458 mani
421 3395 573 3455 aadeont:
593 3394 689 3454 ulline
710 3393 823 3453 Italiae
837 3393 957 3453 alumni
972 3401 998 3452 et
1012 3393 1153 3453 Romana
1166 3412 1231 3453 oere
1244 3392 1383 3453 iuventus
1395 3392 1434 3453 od

314 3494 492 3573 sanquinem
520 3500 546 3552 et
574 3492 692 3552 caedem
719 3490 918 3569 depoposcerit
945 3490 1096 3566 ordinem,
1124 3489 1208 3549 cicius
1235 3490 1391 3568 splendore
1409 3496 1467 3555 ets(

314 3593 412 3671 qloria
440 3591 538 3651 sordes
565 3598 592 3649 et
619 3588 826 3649 obscuritatem
857 3588 1092 3648 Vitellianarum
1109 3586 1251 3665 partium
1267 3587 1433 3666 praestrin

314 3690 435 3769 pimus?
455 3689 602 3749 Nationes
619 3688 740 3764 aliquas
754 3685 907 3764 occupauit
929 3685 1080 3759 Vitellius,
1102 3684 1268 3763 insaqinem
1281 3685 1434 3763 quandam

352 3909 376 3961 2.
401 3910 559 3960 considerate
589 3909 699 3961 Waltlrer
726 3904 838 3959 bsiderat
858 3909 880 3958 F
899 3907 1083 3958 consideratius
1102 3908 1155 3958 cdd.
1175 3926 1224 3973 seq.
1251 3936 1285 3944 —-
1304 3908 1330 3959 4.
1353 3923 1434 3959 conse·

316 4008 410 4050 suntor
428 4000 458 4049 F.
482 4028 512 4036 -
532 3999 556 4051 9.
577 3999 598 4049 si
616 4016 662 4048 eur
681 3998 803 4065 Apricola
823 3996 858 4047 sic
877 3996 920 4046 ubi
939 3996 969 4046 F.
990 4028 1023 4033 —
1046 3998 1085 4047 17.
1105 3996 1215 4062 eligengi
1234 3995 1276 4046 Fl.
1298 4026 1331 4034 —
1351 3994 1433 4062 quem]

317 4105 367 4161 que
392 4088 421 4137 F.
447 4117 479 4125 -—
507 4087 548 4138 19.
573 4104 620 4136 noc
644 4088 759 4137 centurio
785 4087 814 4137 1³.
842 4116 874 4122 —
894 4085 936 4137 26.
957 4091 1059 4136 senatos
1078 4086 1101 4135 F
1121 4088 1143 4152 (s
1161 4086 1246 4135 delata
1264 4087 1316 4150 est).
1343 4115 1377 4123 —·
1394 4082 1433 4136 30.

317 4177 493 4244 depoposcerit
505 4178 527 4227 F
540 4176 736 4242 depoposcerint
750 4176 857 4227 Gronov.
879 4206 910 4212 —
923 4176 964 4227 31.
985 4175 1197 4241 praestringimus
1206 4175 1229 4225 F
1238 4174 1388 4239 pstringim3
1405 4171 1433 4223 F.
