3409 4909
318 449 357 513 78
739 463 879 507 acanum
901 462 1011 505 sacrm
1284 448 1318 511 (a.
1339 463 1363 497 u.
1384 445 1437 499 822

319 634 427 697 studio
455 654 527 712 erga
548 654 580 695 se
602 639 659 695 aut
680 634 714 694 in
734 633 905 694 Vitellium
926 632 1130 693 contumeliis
1150 631 1290 708 insignes
1312 630 1436 707 abolet;

319 733 472 812 pecunias
501 731 681 809 distribuit,
709 751 804 811 parce
832 751 890 792 nec
918 736 956 791 ut
983 730 1153 809 periturus.
1186 729 1265 790 Mox
1292 729 1441 790 Salvium

320 831 549 907 Cocceianum,
587 829 694 890 fratris
732 829 852 907 filium,
891 828 997 908 prima
1027 828 1175 899 iuventa,
1214 826 1378 906 trepidum
1409 831 1442 887 et

320 931 516 988 maerentem
538 926 623 987 ultro
644 926 767 988 solatus
788 931 852 1004 est,
879 925 1044 987 laudando
1066 927 1219 1005 pietatem
1241 926 1325 1002 eius,
1347 926 1441 986 casti-

320 1024 425 1103 gando
452 1023 668 1086 formidinem.
697 1025 751 1085 An
785 1025 940 1086 Vitelliam
968 1032 1031 1085 tam
1057 1024 1177 1084 inmitis
1204 1023 1304 1083 animi
1320 1022 1387 1100 fore
1407 1030 1478 1085 atb

316 1142 374 1200 pro
402 1121 547 1181 incolumi
568 1129 630 1181 tota
651 1122 736 1182 darno
757 1141 794 1182 nc
815 1121 893 1182 banc
914 1123 1032 1199 quidem
1053 1122 1111 1182 sibi
1131 1122 1265 1204 pretinm
1285 1119 1442 1181 redderet?

322 1219 433 1279 Mereri
458 1239 487 1279 se
510 1218 657 1296 festinato
678 1219 759 1280 cirita
779 1220 967 1281 clementiam
986 1220 1121 1281 victoris:
1149 1239 1210 1280 non
1231 1220 1311 1280 enim
1330 1219 1443 1279 ultima

322 1316 538 1395 desperatione,
563 1316 614 1377 sed
629 1326 765 1396 poscente
782 1317 933 1396 proelium
953 1318 1094 1395 exercita,
1115 1317 1261 1378 remisisse
1280 1317 1325 1377 rei
1345 1315 1443 1394 publi-

321 1434 372 1476 cae
397 1414 592 1475 novissimam
618 1434 728 1476 casnm
758 1414 841 1475 Satis
867 1414 925 1475 sibi
952 1415 1099 1493 nominis,
1128 1415 1203 1474 satis
1226 1414 1353 1493 posteris
1380 1414 1444 1473 seis

322 1510 490 1572 nobilitatis
516 1512 701 1589 quaesitam:
725 1521 795 1591 post
822 1513 919 1573 Iulios
949 1513 1092 1575 Claudios
1120 1512 1235 1573 Seruios
1261 1531 1290 1572 se
1306 1511 1445 1590 primam
1465 1520 1499 1575 10

323 1611 358 1670 in
379 1609 540 1686 familiam
566 1630 675 1670 noram
701 1610 865 1690 imperinm
891 1611 1037 1671 intulisse.
1068 1610 1201 1671 Proinde
1229 1617 1318 1670 erecto
1340 1609 1444 1668 animo

260 1751 262 1754 ·
323 1714 481 1786 capesseret
500 1708 610 1785 eitam,
632 1728 691 1769 nen
706 1717 856 1787 patrnam
876 1708 933 1769 sibi
956 1708 1100 1770 Othonem
1116 1708 1213 1786 faisse
1230 1715 1284 1767 ant
1298 1706 1445 1766 oblivisce-

270 1814 310 1875 49
324 1812 406 1864 retur
426 1824 571 1882 nmquam
591 1814 646 1865 ant
666 1806 795 1866 nimiam
816 1806 1006 1867 meminisset.
1029 1808 1106 1868 Post
1127 1826 1209 1885 quae
1231 1805 1362 1865 dimotis
1378 1823 1445 1864 om-

323 1901 418 1963 nibus
446 1901 583 1993 paulurn
608 1903 773 1980 requievit.
803 1906 911 1981 Atque
938 1904 1032 1965 illum
1061 1922 1228 1983 supremas
1255 1903 1322 1963 iarn
1351 1921 1445 1963 curas

325 2000 434 2060 animo
455 1999 656 2061 volutantem
678 2020 792 2080 repens
809 2002 972 2064 tumultus
988 2004 1119 2081 avert't,
1141 2003 1291 2063 nuntiata
1305 2006 1446 2063 conster-
1467 2013 1500 2063 15

291 2139 293 2150 »
325 2097 456 2158 natione
470 2117 507 2158 ac
521 2097 651 2159 lieentia
665 2098 823 2160 militum:
835 2120 987 2180 namque
997 2100 1192 2162 abeuntibus
1204 2100 1340 2160 exitium
1351 2099 1446 2159 mini-

325 2195 494 2273 tabantur,
522 2196 723 2257 atrocissima
749 2197 783 2257 in
812 2198 1001 2275 Verginium
1022 2198 1070 2277 1vi,
1098 2218 1194 2277 quem
1217 2198 1327 2258 clausa
1348 2196 1446 2258 domo

326 2291 526 2354 obsidebant.
552 2293 722 2373 Increpitis
744 2293 910 2356 seditionis
931 2296 1116 2358 auctoribus
1138 2314 1297 2372 regressus
1318 2296 1448 2356 vacavit

327 2391 517 2469 abeuntium
545 2390 722 2471 adloquiis,
751 2392 852 2455 donec
880 2413 992 2455 omnes
1020 2394 1169 2456 inviolati
1197 2392 1446 2470 digrederentur.

328 2490 577 2569 vesperascente
605 2490 656 2551 die
684 2490 773 2551 sitim
797 2490 918 2553 haustu
938 2492 1062 2569 gelidae
1083 2511 1185 2570 aquae
1206 2489 1346 2552 sedavit:
1375 2496 1448 2552 tum
1465 2501 1502 2556 20

327 2587 446 2649 adlatis
467 2587 663 2667 pugionibus
685 2587 869 2668 <·duobus>,
891 2609 967 2651 cum
988 2594 1163 2668 utrumque
1184 2593 1447 2669 pertemptasset,

328 2686 467 2748 alterum
492 2686 591 2765 capiti
612 2685 773 2769 subdidit,
801 2691 834 2748 et
854 2689 1021 2767 explorato
1042 2688 1107 2749 iam
1130 2688 1288 2768 profectos
1310 2687 1448 2765 amicos,

328 2789 456 2847 noctem
469 2784 631 2864 quietam,
653 2790 753 2864 utque
769 2783 976 2863 adfirmatur,
991 2806 1056 2847 non
1070 2786 1253 2847 insomnem
1267 2785 1340 2862 egit.
1362 2785 1449 2846 Luce
1485 2774 1488 2777 ⁴

329 2883 434 2963 prima
463 2883 498 2943 in
525 2883 645 2944 ferrum
674 2888 802 2962 pectore
830 2883 988 2946 incubuit.
1017 2884 1069 2945 Ad
1097 2884 1253 2962 gemitum
1282 2883 1449 2944 morientis

329 2981 461 3058 ingressi
472 2980 580 3042 liberti
590 2981 737 3061 servique
748 2986 780 3043 et
791 2982 915 3043 Plotius
927 2983 1071 3060 Firmus,
1090 2981 1240 3062 praetorii
1252 2981 1448 3061 praefectus,
1467 3001 1501 3059 25

329 3098 432 3139 unum
456 3078 571 3140 volnus
592 3078 751 3140 invenere.
773 3079 1116 3148 Funusmaturatum:
1139 3078 1318 3141 ambitiosis
1331 3078 1366 3139 id
1381 3098 1448 3158 pre-

330 3175 420 3237 cibus
438 3175 589 3255 petierat,
611 3196 651 3237 ne
662 3181 885 3255 amputaretur
896 3182 995 3257 eaput
1005 3176 1145 3238 ludibrio
1156 3176 1312 3238 futurum.
1335 3176 1450 3237 Tulere

331 3294 446 3355 corpus
467 3274 645 3354 praetoriae
666 3275 829 3354 cohortes,
851 3295 927 3336 cum
941 3275 1093 3337 laudibus
1108 3279 1140 3337 et
1153 3274 1310 3351 lacrimis,
1332 3274 1450 3336 volnus

330 3392 511 3453 manusque
538 3374 606 3434 eius
635 3373 868 3435 exosculantes.
897 3374 1038 3445 Quidam
1059 3373 1203 3435 militum
1223 3374 1316 3434 iuxta
1336 3392 1450 3450 rogum

330 3574 491 3582 ..-

369 3727 391 3776 1.
417 3687 536 3794 ergdlea
554 3731 583 3775 ut
601 3723 632 3775 F.
653 3753 686 3761 -
705 3722 730 3774 2.
749 3740 858 3789 parcens
876 3724 919 3774 sed
937 3740 968 3773 ns
986 3723 1081 3774 deletae
1100 3730 1159 3774 snut
1176 3722 1207 3774 F.
1229 3753 1261 3761 -
1280 3740 1328 3775 nec
1347 3731 1375 3775 ut
1395 3725 1450 3775 cdd.

332 3832 381 3881 seq.
407 3831 439 3865 ne
463 3814 504 3865 cui
527 3813 558 3865 F.
583 3843 617 3851 -
642 3813 667 3863 4.
691 3813 787 3863 salatus
805 3810 847 3863 Fl.
868 3841 901 3849 -
922 3813 945 3863 7.
966 3811 1068 3863 merieri
1086 3812 1116 3862 F.
1137 3842 1171 3849 -
1189 3810 1214 3864 8.
1234 3811 1349 3862 exercitii
1368 3812 1397 3863 F.
1419 3842 1451 3849 -

334 3905 381 3981 15.
400 3904 532 3954 uoluntate
551 3903 581 3953 F.
607 3933 640 3939 -
662 3903 702 3955 16.
722 3901 835 3952 aduertit
854 3901 948 3952 Heins.
969 3930 1002 3937 —
1023 3900 1063 3953 19.
1084 3900 1274 3966 digredirentur
1292 3898 1335 3951 Fl.
1356 3930 1389 3937 —
1408 3899 1451 3954 20.

333 4062 505 4133 gelidaleaq3
528 4063 559 4114 F.
580 4092 613 4100 -
632 4061 732 4113 duobus
750 4079 796 4112 om.
818 4062 847 4112 F.
869 4091 900 4099 —
920 4060 963 4112 22.
984 4007 1094 4127 utriinq3
1115 4061 1144 4111 F.
1165 4091 1198 4098 ·—
1217 4060 1331 4112 subdidit
1349 4079 1377 4112 err
1395 4060 1452 4112 sub

333 4153 400 4203 sidiir
418 4170 479 4203 corr.
501 4152 530 4203 F.
