3409 4909
302 510 327 559 P·
347 491 394 544 Ch.
415 492 461 558 70)
653 509 881 553 ursroarxnun
903 493 941 553 V.
963 494 1071 556 7-11.
1364 493 1423 554 219
1501 521 1505 542 ι

301 677 414 739 Parthi
441 683 531 739 trans
559 678 748 758 Euphraten
776 679 912 740 redacti:
940 678 1079 740 Iudaeos
1101 680 1134 741 C.
1157 679 1266 741 Sosius
1287 679 1421 757 subegit.

301 776 448 853 Regnum
477 776 517 837 ab
546 778 688 838 Antonio
717 777 839 839 Herodi
867 778 983 838 datum
1011 778 1114 838 victor
1134 778 1299 855 Augustus
1321 778 1422 840 auxit.

301 874 378 935 Post
399 880 537 935 mortem
555 875 710 953 Herodis,
733 874 816 935 nihil
830 880 1000 955 expectato
1014 875 1163 951 Caesare,
1185 875 1274 936 Simo
1289 874 1421 953 quidam

301 971 423 1049 regium
463 992 582 1033 nomen
618 973 795 1035 invaserat:
833 974 861 1034 is
900 993 920 1034 a
951 971 1110 1044 Quintilio
1142 972 1227 1034 Varo
1258 972 1423 1034 obtinente

264 1082 281 1133 5
300 1068 427 1149 Syriam
448 1070 583 1149 punitus
591 1091 599 1148 3
621 1076 653 1132 et
669 1076 798 1149 gentem
813 1071 985 1132 coercitam
1000 1070 1092 1131 liberi
1107 1070 1248 1132 Herodis
1263 1071 1423 1150 tripertito

301 1186 418 1228 rexere.
447 1168 514 1229 Sub
542 1168 670 1230 Tiberio
695 1170 803 1249 quies:
833 1168 909 1230 dein
929 1169 1009 1230 iussi
1029 1188 1049 1229 a
1070 1168 1107 1229 G.
1130 1168 1264 1230 Caesare
1286 1168 1423 1246 effigiem

301 1266 369 1327 eius
390 1266 424 1326 in
445 1266 569 1346 templo
590 1267 710 1344 locare,
732 1286 823 1327 arma
845 1267 953 1345 potius
974 1286 1155 1345 sumpsere3
1178 1286 1275 1345 quem
1296 1272 1422 1328 motum

301 1363 444 1424 Caesaris
472 1383 559 1425 mors
573 1363 725 1426 diremit.
754 1364 926 1443 Claudius,
956 1364 1116 1425 defunctis
1144 1364 1271 1442 regibus
1299 1374 1357 1425 aut
1381 1364 1423 1425 ad

300 1461 466 1522 modicum
494 1461 647 1538 redactis,
676 1461 831 1523 Iudaeam
861 1462 1062 1540 provinciam
1084 1462 1247 1541 equitibus
1268 1463 1423 1524 Romanis

247 1571 283 1626 10
301 1563 358 1619 aut
384 1558 507 1620 libertis
535 1559 696 1639 permisit3
726 1579 743 1620 e
771 1560 890 1639 quibus
918 1560 1081 1621 Antonius
1102 1559 1194 1620 Felix
1215 1580 1272 1639 per
1293 1579 1422 1621 omnem

300 1656 470 1718 saevitiam
497 1676 534 1717 ao
561 1657 731 1719 libidinem
759 1658 810 1718 ius
839 1658 964 1735 regium
985 1657 1093 1719 servili
1115 1658 1243 1735 ingenio
1264 1659 1422 1735 exercuit,

300 1753 459 1830 Drusilla,
498 1754 686 1833 Cleopatrae
724 1760 756 1816 et
794 1756 929 1817 Antonii
963 1761 1074 1835 nepte,
1112 1756 1147 1816 in
1178 1756 1423 1817 matrimonium

300 1856 446 1929 accepta,
467 1857 505 1913 ut
527 1851 671 1913 eiusdem
694 1853 828 1914 Antonii
850 1852 943 1913 Felix
962 1872 1130 1932 progener,
1153 1853 1308 1942 Claudius
1323 1873 1423 1933 nepos

301 1954 392 2009 esset.
425 1949 564 2011 Duravit
590 1955 700 2011 tamen
729 1950 887 2029 patientia
914 1949 1044 2011 Iudaeis
1072 1969 1175 2030 usque
1203 1950 1245 2012 ad
1273 1951 1423 2012 Gessium
1439 1955 1477 2015 10

246 2061 281 2113 15
300 2046 435 2107 Florum
455 2054 712 2125 procuratorem:
735 2047 795 2108 sub
816 2066 854 2108 co
875 2047 998 2109 bellum
1017 2054 1134 2110 ortum.
1157 2049 1198 2110 Et
1213 2049 1424 2128 comprimere

300 2149 504 2223 coeptantem
528 2146 673 2206 Cestium
695 2144 843 2223 Gallum,
873 2145 983 2225 Syriae
1004 2146 1163 2223 legatum,
1191 2147 1281 2208 varia
1301 2146 1424 2225 proelia

300 2262 337 2303 ac
364 2243 493 2322 saepius
521 2242 657 2304 adversa
684 2262 846 2323 excepere.
876 2243 940 2314 Qui
967 2243 1024 2304 ubi
1049 2244 1115 2305 fato
1137 2249 1194 2305 aut
1213 2244 1321 2306 taedio
1343 2244 1424 2305 occi-

301 2340 365 2417 dit,
394 2341 496 2401 missu
516 2341 653 2402 Neronis
674 2341 893 2421 Vespasianus
915 2341 1046 2402 fortuna
1067 2341 1218 2421 famaque
1239 2346 1271 2402 et
1292 2342 1423 2419 egregiis

300 2438 457 2499 ministris
487 2440 572 2500 intra
604 2439 685 2500 duas
716 2444 853 2501 aestates
885 2445 1001 2500 cuncta
1030 2458 1219 2518 camporum
1247 2459 1423 2519 omnesque

246 2547 283 2603 20
300 2540 426 2615 praeter
453 2535 681 2615 Hierosolyma
708 2536 803 2597 urbes
829 2536 950 2598 victore
977 2536 1120 2598 exercitu
1146 2536 1285 2597 tenebat.
1314 2537 1423 2597 Proxi-

301 2652 374 2694 mus
403 2653 507 2694 annus
533 2634 621 2695 civili
642 2633 728 2694 bello
750 2634 910 2711 intentus,
940 2638 1100 2713 quantum
1121 2632 1163 2694 ad
1184 2632 1338 2706 IudaeoS,
1367 2653 1424 2713 per

301 2731 405 2792 otium
436 2731 572 2792 transiit.
604 2733 686 2792 Pace
717 2751 774 2811 per
806 2731 938 2793 Italiam
970 2736 1063 2810 parta
1091 2736 1123 2791 et
1150 2736 1301 2793 externae
1329 2751 1423 2792 curae

301 2829 419 2892 redire:
441 2830 579 2907 augebat
599 2830 678 2908 iras,
701 2830 789 2909 quod
810 2829 871 2891 soli
892 2830 1007 2891 Iudaei
1028 2849 1094 2891 non
1116 2830 1298 2907 cessissent3
1325 2829 1423 2889 simul

301 2947 431 2988 manere
462 2927 550 3006 apud
581 2929 739 2988 exercitus
770 2928 882 2989 Titum
910 2927 952 2988 ad
979 2946 1090 2988 omnes
1118 2926 1319 3006 principatus
1347 2926 1423 2988 novi

246 3039 282 3091 25
302 3031 436 3087 eventus
458 3045 591 3088 casusve
612 3026 692 3087 utile
714 3026 893 3088 videbatur.

341 3124 445 3201 igitur
466 3124 594 3201 castris,
622 3124 671 3186 uti
692 3124 852 3202 diximuS,
878 3129 952 3185 ante
973 3122 1101 3184 moenia
1123 3122 1423 3201 Hierosolymorum

302 3223 415 3302 positis
443 3223 615 3283 instructas
643 3222 782 3299 legiones
810 3221 993 3283 ostentavit.
1023 3219 1136 3281 Iudaei
1157 3219 1217 3280 sub
1239 3220 1308 3296 ipso
1330 3237 1423 3279 muro
1439 3228 1475 3287 11

338 3452 362 3504 3.
384 3417 577 3503 SimoFmeali
594 3453 623 3518 cs.
643 3470 662 3503 c.
685 3452 717 3504 13
737 3451 826 3502 Simon
845 3451 876 3501 F.
898 3480 929 3486 —
950 3449 973 3502 6.
994 3450 1034 3515 ag.
1054 3447 1163 3499 Caesare
1182 3448 1212 3497 F.
1235 3477 1266 3483 —
1284 3446 1308 3498 b.
1328 3446 1423 3496 Roma·

302 3541 353 3607 nis]
374 3540 420 3590 ·R:
440 3541 470 3590 F.
492 3570 523 3578 -
545 3540 585 3594 10.
611 3537 657 3591 oia
676 3539 711 3590 Fl
729 3558 790 3591 corr.
809 3540 837 3589 in
856 3539 908 3602 oie,
927 3538 954 3588 in
972 3556 1020 3605 my.
1039 3555 1099 3587 uero
1118 3539 1175 3587 ome
1195 3536 1309 3586 additum
1327 3541 1369 3585 eal.
1392 3563 1423 3572 -

305 3627 346 3680 12.
366 3636 442 3694 nepte
460 3627 503 3679 Fl.
524 3658 557 3665 -
577 3628 743 3679 matrimonia
761 3628 792 3679 F.
813 3657 845 3665 -
867 3628 907 3679 15.
927 3626 994 3677 bellu
1013 3632 1072 3677 ortu
1090 3625 1132 3675 Fl.
1153 3625 1242 3677 -16,
1262 3630 1424 3689 coeptantem

302 3788 386 3839 Rhea.
406 3793 552 3859 receptant}
571 3786 606 3838 F1
625 3790 664 3857 (re
683 3788 731 3839 dcl.
751 3788 803 3854 eal).
824 3818 858 3824 —
879 3787 920 3837 17.
940 3784 1058 3852 excipere
1076 3785 1106 3835 F.
1129 3814 1159 3821 —
1173 3784 1213 3836 18.
1232 3730 1330 3850 egregls
1340 3784 1369 3833 F.
1389 3812 1425 3821 —

306 3886 346 3938 19.
375 3886 445 3936 intra
469 3885 550 3937 eren.
575 3874 615 3936 int
638 3886 668 3937 F.
695 3915 726 3923 -
752 3884 795 3938 20.
820 3884 992 3949 hierosolyma
1017 3882 1052 3932 F1
1069 3882 1239 3947 hierosolyma
1257 3879 1299 3931 1⁴¹2.
1330 3910 1362 3917 —
1381 3879 1423 3931 22.

303 3983 379 4058 parta
397 3975 478 4026 Rlcn.
499 3982 589 4041 parata
608 3976 630 4026 F
648 3976 718 4041 etp.
729 3972 834 4026 22727.
857 3971 942 4025 -23,
962 3970 1309 4022 redireFrediereedtlorce.
1330 3987 1426 4021 -ces-

334 4064 342 4096 1

301 4127 400 4169 sessent
425 4118 455 4168 F.
486 4148 518 4155 —
544 4116 587 4169 25.
616 4117 688 4183 utile]
714 4062 782 4167 utiles
804 4045 887 4165 ’ΜΡ
908 4114 994 4165 utilius
1012 4113 1133 4163 Piclena.
1163 4142 1196 4150 —
1215 4111 1257 4163 27,
1286 4113 1425 4178 positusF

302 4208 377 4267 (corr.
399 4205 551 4272 inpositis).
