3409 4909
306 442 345 501 30
729 457 870 500 5555555
892 456 1004 499 mmm
1277 442 1311 508 (a
1333 457 1359 492 u.
1380 440 1432 493 8:³2

307 627 454 707 publicae
476 626 570 687 malis
588 627 711 705 operire
725 628 848 688 statuit.
871 626 901 686 N
902 645 937 687 ec
952 625 1084 687 deerant
1097 626 1132 685 in
1146 625 1291 687 exercitu
1305 625 1434 686 semina

307 725 500 803 discordiae,
522 724 610 805 quod
631 731 663 785 et
683 725 768 787 bello
789 723 943 785 adversus
964 724 1135 785 Vindicem
1150 724 1322 785 universus
1337 722 1432 784 adiu·

307 831 374 886 erat
401 843 460 885 nec
485 823 547 884 nisi
575 823 679 884 occiso
708 823 833 884 Nerone
860 822 1037 883 translatus
1058 822 1093 881 in
1114 820 1252 882 Galbam
1274 828 1376 899 atque
1396 821 1433 881 in

307 942 344 983 eo
372 922 442 1001 ipso
468 926 668 982 sacramento
690 920 817 982 vexillis
838 919 997 980 inferioris
1020 919 1212 980 Germaniae
1232 924 1431 999 praeventus

307 1025 383 1081 erat.
405 1020 448 1080 Et
468 1019 597 1079 Treveri
618 1038 656 1079 ac
677 1018 851 1095 Lingones,
880 1036 1026 1096 quasque
1047 1017 1127 1077 alias
1148 1017 1295 1079 civitates
1316 1016 1465 1078 atroci-5

307 1117 368 1178 bus
399 1116 511 1178 edictis
543 1121 600 1177 ant
630 1115 750 1176 damno
781 1115 898 1176 finium
927 1115 1031 1176 Galba
1057 1115 1253 1194 pertulerat,
1285 1115 1431 1176 hibernis

307 1215 471 1293 legionum
507 1214 641 1294 propius
672 1214 864 1288 miscentur3
903 1211 990 1274 unde
1021 1212 1173 1274 seditiosa
1204 1211 1369 1291 colloquia
1398 1219 1431 1273 et

307 1314 390 1374 inter
417 1332 558 1393 paganos
586 1312 766 1391 corruptior
793 1309 902 1387 miles;
932 1310 1229 1398 etin-Verginium
1250 1310 1344 1371 favor
1365 1309 1431 1371 cui·

308 1431 447 1491 cumque
468 1410 524 1471 alii
545 1409 742 1489 profuturus.

254 1510 294 1568 54
348 1509 480 1570 Miserat
505 1508 619 1569 civitas
640 1508 822 1585 Lingonum
844 1512 951 1568 vetere
972 1506 1121 1567 instituto
1143 1505 1228 1567 dona
1248 1505 1429 1583 legionibus
1447 1515 1474 1569 10

309 1605 453 1683 dextrae,
476 1604 609 1684 hospitii
630 1604 762 1682 insigne.
785 1603 896 1680 Legati
917 1623 1028 1665 eorum
1049 1604 1084 1686 in
1104 1603 1286 1682 squalorem
1303 1604 1429 1664 maesti·

308 1704 453 1783 tiamque
484 1702 670 1782 compositi,
707 1721 763 1780 per
795 1702 971 1780 principia,
1003 1721 1059 1780 per
1090 1701 1301 1762 contubernia
1333 1701 1429 1762 modo

309 1821 383 1863 suas
411 1802 561 1877 iniurias,
589 1799 687 1862 modo
714 1800 897 1861 vicinarum
925 1800 1108 1860 civitatium
1129 1800 1290 1879 praemia,
1321 1807 1355 1862 et
1375 1800 1429 1862 ubi

308 1900 419 1979 pronis
440 1899 583 1960 militum
606 1898 737 1959 auribus
759 1897 1016 1976 accipiebantur,
1044 1898 1147 1977 ipsius
1168 1898 1328 1959 exercitus
1350 1898 1429 1977 peri·

308 1997 382 2059 cula
407 2003 440 2058 et
466 1995 680 2058 contumelias
708 2001 940 2074 conquerentes
961 1995 1179 2057 accendebant
1199 1997 1336 2057 animos.
1366 1997 1428 2058 Nee
1447 2005 1469 2056 lt

309 2094 421 2175 procul
453 2094 610 2156 seditione
642 2093 791 2171 aberant,
829 2113 904 2154 cum
937 2093 1144 2155 Hordeonius
1176 2078 1311 2155 Flaccus
1343 2094 1428 2155 abire

309 2193 446 2270 legatos,
475 2197 575 2270 utque
603 2191 758 2253 occultior
785 2190 944 2268 digressus
965 2195 1063 2267 esset,
1092 2197 1184 2252 nocte
1206 2192 1320 2252 castris
1341 2210 1428 2252 exce

310 2290 384 2351 dere
404 2289 502 2350 iubet.
526 2287 606 2349 lnde
627 2294 721 2349 atrox
741 2308 866 2366 rumor,
889 2288 1137 2349 adfirmantibus
1157 2289 1320 2368 plerisque
1335 2290 1428 2350 inber-

309 2388 423 2464 sectos²
445 2407 481 2448 ac
496 2387 530 2447 ni
544 2387 606 2447 sibi
620 2386 682 2465 ipsi
697 2386 916 2463 consulerent,
932 2386 1012 2463 fore,
1029 2390 1065 2446 ut
1080 2386 1226 2447 acerrimi
1241 2387 1386 2448 militum
1399 2392 1429 2448 et

310 2486 490 2565 praesentia
528 2485 694 2563 conquesti
729 2503 785 2563 per
815 2484 963 2550 tenebras
995 2491 1027 2544 et
1057 2484 1220 2545 inscitiam
1251 2489 1428 2545 ceterorum
1443 2491 1470 2546 20

310 2582 538 2645 occiderentur.
568 2582 821 2659 Obstringuntur
847 2582 931 2642 inter
952 2600 985 2642 se
1005 2581 1105 2642 tacito
1126 2581 1253 2643 foedere
1272 2581 1428 2659 legiones;

311 2683 500 2744 adsciscitur
531 2681 728 2743 auxiliemur
759 2680 869 2757 miles,
908 2680 1013 2759 primo
1046 2684 1230 2758 suspectus,
1261 2684 1429 2760 tamquam

311 2780 517 2843 circumdatis
538 2780 725 2841 cohortibus
746 2778 870 2858 alisque
887 2778 1029 2856 impetus
1043 2777 1077 2838 in
1092 2778 1233 2854 legiones
1248 2784 1429 2856 pararetur,

311 2900 389 2941 mox
416 2878 529 2940 eadem
557 2878 662 2938 acrius
689 2877 838 2953 volvens,
867 2876 1009 2937 faciliore
1038 2876 1121 2936 inter
1147 2875 1251 2936 malos
1272 2894 1430 2937 consensu

258 2978 296 3037 55
311 2977 352 3038 ad
380 2976 503 3037 belluni
531 2995 629 3054 quam
657 2976 691 3035 in
719 2994 798 3054 paee
826 2974 868 3033 ad
893 2972 1106 3035 concordiam.
1135 2972 1301 3035 inferioris
1321 2979 1431 3034 tamen
1447 2983 1476 3036 25

312 3074 502 3135 Germaniae
523 3074 662 3150 legiones
683 3071 832 3134 sollemni
854 3071 1067 3132 kalendamm
1083 3071 1311 3132 ianuariarum
1329 3089 1431 3132 sacra·

311 3178 421 3233 mento
442 3191 500 3250 pro
522 3170 626 3231 Galba
646 3170 795 3248 adactae,
817 3170 922 3231 multa
942 3169 1147 3231 cunctatione
1170 3174 1202 3229 et
1219 3168 1299 3229 raris
1313 3170 1432 3247 primo·

313 3291 385 3331 rum
419 3270 571 3332 ordinum
609 3269 759 3346 uocibus,
798 3269 893 3330 ceteri
933 3268 1072 3329 silentio
1100 3267 1241 3346 proximi
1275 3268 1433 3346 cuiusque

312 3368 481 3430 audaciam
520 3372 741 3446 expectantes,
779 3366 878 3427 insita
914 3365 1105 3426 mortalibus
1144 3368 1260 3425 natura
1298 3383 1433 3444 propere

229 3457 233 3466 ’
312 3466 418 3545 sequi,
441 3484 523 3545 «quae
544 3464 631 3543 piget
652 3464 811 3525 inchoare.
833 3463 896 3524 Sed
916 3463 995 3542 ipsis
1016 3462 1196 3540 legionibus
1211 3463 1316 3523 inerat
1330 3461 1433 3524 diver·
1451 3474 1477 3530 3(

312 3566 390 3626 sitas
411 3565 604 3625 animorum.
634 3563 776 3623 Primani
798 3562 1014 3641 quintanique
1035 3560 1157 3621 turbidi
1179 3560 1274 3638 adse,
1304 3567 1341 3622 ut
1363 3561 1433 3641 qui-

313 3663 389 3723 dam
417 3682 496 3723 saxa
521 3662 554 3722 in
582 3660 704 3721 Galbae
731 3660 887 3737 imagines
915 3659 1062 3720 iecerint:
1092 3658 1207 3737 quinta
1236 3658 1374 3719 decuma
1396 3676 1434 3719 ac

313 3769 404 3821 sexta
431 3760 568 3820 decuma
595 3758 734 3836 legiones
755 3757 839 3817 nihil
860 3757 946 3817 ultra
967 3756 1134 3817 fremitum
1156 3761 1188 3816 et
1209 3755 1313 3816 minas
1335 3774 1434 3817 ausae

349 3978 373 4026 l.
397 3975 543 4038 inferiorib;
568 3974 610 4025 F1.
638 4005 670 4011 -
690 3977 714 4026 ἴ).
741 3974 849 4025 Treveri
875 3974 897 4024 F
922 3974 968 4038 (sic
995 3974 1021 4023 ia
1042 3973 1112 4024 llas.
1132 3973 1218 4036 octies,
1243 3973 1334 4039 septies
1351 3973 1434 4023 dacica

313 4065 429 4115 scribitur
448 4063 558 4114 Treviri.
579 4094 612 4100 -
637 4063 674 4116 ll).
694 4064 834 4129 longonum
853 4062 895 4113 Fl.
917 4092 949 4098 -
971 4063 1010 4114 13.
1030 4062 1123 4112 Insuas
1141 4062 1163 4112 F
1182 4061 1221 4125 (in
1235 4062 1328 4112 lineola
1339 4062 1435 4113 delectit

314 4173 344 4205 ra.
364 4152 399 4212 2l.
473 4152 515 4205 23.
535 4153 633 4218 legione
653 4153 681 4203 F.
713 4182 734 4190 -
755 4153 797 4206 30.
817 4153 882 4218 pigit
900 4152 930 4203 F.
1003 4152 1045 4203 33.
1064 4151 1167 4201 fremitu
1187 4151 1217 4201 F.
