3409 4909
243 459 302 523 174
662 475 803 518 coenam
824 475 937 518 raorrr
1212 461 1247 524 (a.
1269 476 1294 509 u.
1314 457 1364 511 8‘22

242 646 354 709 Civilis
386 645 549 707 obsidium
579 644 743 722 legionum
774 644 924 721 urgebat,
956 644 1089 704 intentis
1120 643 1294 721 custodiis,
1327 663 1366 704 ne

243 745 315 822 quis
343 743 488 805 occultus
509 743 644 803 nuntius
665 742 823 803 venientis
845 741 960 802 auxilii
982 746 1172 820 penetraret.
1196 742 1367 802 Machinas

242 843 426 919 molemque
448 860 582 920 operum
603 841 734 902 Batavis
756 841 896 917 delegat:
919 840 1183 901 Transrhenanos
1206 840 1367 919 proelium

184 952 188 959 '
243 940 403 1020 poscentis
434 939 476 999 ad
507 939 721 999 scindendum
752 938 877 999 vallum
909 938 954 998 ire
986 937 1197 1016 detrusosque
1230 938 1367 998 redinte-

243 1057 331 1115 grare
353 1042 514 1098 certamen
534 1036 639 1114 iubet,
661 1042 833 1115 superante
854 1033 1066 1096 multitudine
1084 1040 1117 1095 et
1131 1034 1220 1095 facili
1235 1034 1366 1116 damno.
1385 1047 1399 1097 5

191 1133 230 1194 29
244 1137 309 1196 Nec
330 1135 429 1196 finem
449 1135 552 1196 labori
573 1154 640 1195 nox
661 1134 786 1195 attulit:
816 1134 974 1210 congestis
996 1133 1117 1193 circum
1138 1133 1235 1211 lignis
1258 1152 1368 1194 accen-

243 1233 367 1310 sisque,
405 1232 502 1293 simul
534 1232 717 1310 epulantes,
754 1237 791 1292 ut
821 1232 958 1310 quisque
990 1231 1067 1292 vino
1097 1231 1295 1308 incaluerat,
1327 1231 1368 1292 ad

243 1350 386 1410 pugnam
416 1330 596 1391 temeritate
627 1330 716 1390 inani
744 1328 938 1390 ferebantur.
971 1328 1099 1408 Quippe
1126 1328 1277 1409 ipsorum
1305 1330 1369 1390 tela

243 1448 300 1507 per
326 1427 474 1489 tenebras
496 1447 595 1489 vana:
624 1428 763 1488 Romani
784 1427 994 1506 conspicuam
1014 1426 1225 1488 barbarorum
1249 1429 1368 1504 aciem,

244 1532 275 1587 et
303 1527 329 1586 si
352 1526 423 1605 quis
445 1525 582 1586 audacia
602 1531 659 1587 aut
680 1525 860 1602 insignibus
881 1524 1054 1602 effulgens,
1084 1523 1126 1585 ad
1147 1525 1251 1587 ictum
1274 1524 1369 1585 desti·
1388 1533 1415 1587 10

244 1624 375 1685 nabant.
414 1623 620 1685 Intellectum
658 1623 692 1683 id
730 1623 843 1700 Civili,
883 1627 915 1683 et
951 1624 1104 1684 restincto
1133 1623 1208 1700 igue
1239 1623 1370 1683 misceri

245 1728 362 1783 cuncta
388 1722 528 1782 tenebris
552 1726 584 1782 et
605 1722 703 1782 armis
724 1721 823 1782 iubet.
852 1722 937 1782 Tum
959 1740 1034 1782 vero
1055 1722 1208 1800 strepitus
1231 1721 1369 1798 dissoni,

246 1838 419 1881 concursus
441 1819 569 1895 incerti,
591 1838 696 1898 neque
717 1819 852 1880 feriendi
873 1838 979 1898 neque
997 1818 1182 1879 declinandi
1197 1819 1370 1898 providen-

247 1917 307 1992 tia3
340 1916 426 1977 unde
454 1917 576 1977 clamor
603 1916 777 1994 acciderat,
813 1918 1028 1993 circumagere
1057 1936 1205 1995 corpora,
1237 1917 1371 1977 tendere

248 2019 350 2089 artua,
379 2013 462 2074 nihil
490 2014 640 2094 prodesse
668 2015 787 2093 virtus,
815 2014 880 2075 fors
909 2020 1026 2075 cuncta
1053 2015 1199 2091 turbare,
1229 2020 1262 2077 et
1283 2016 1414 2092 igno-15

247 2131 363 2172 vorum
390 2131 484 2190 saepe
505 2113 577 2173 telis
598 2112 765 2173 fortissimi
787 2114 909 2174 cadere.
938 2113 1037 2192 Apud
1060 2114 1238 2175 Germanos
1261 2113 1371 2175 incon-

247 2210 334 2270 sulta
368 2210 430 2269 ira:
470 2210 635 2270 Romanus
665 2210 775 2287 milae,
814 2211 1031 2289 periculorum
1062 2229 1196 2288 gnarus,
1235 2211 1371 2272 ferratas

248 2307 359 2385 sudes,
382 2307 490 2384 gravia
511 2327 590 2367 saxa
611 2327 676 2369 non
697 2307 778 2369 forte
799 2308 944 2369 iaciebat.
967 2307 1031 2368 Ubi
1050 2327 1148 2368 sonus
1162 2308 1371 2370 molientium

248 2409 305 2465 aut
333 2405 499 2483 adpositae
524 2406 627 2466 scalae
649 2406 776 2467 hostem
796 2406 832 2466 in
853 2394 970 2466 manus
992 2405 1162 2481 dederant,
1191 2406 1372 2484 propellere

248 2503 405 2580 umbone,
434 2502 501 2581 pilo
529 2504 635 2582 sequi,
664 2504 785 2565 multos
806 2505 840 2564 in
862 2504 990 2564 moenia
1011 2522 1151 2580 egressos
1172 2503 1371 2581 pugionibus
1388 2510 1415 2564 20

196 2611 235 2673 30
249 2600 364 2661 fodere.
407 2601 458 2661 Sic
499 2600 658 2662 exhausta
699 2607 793 2663 nocte
829 2621 949 2663 novam
988 2602 1090 2661 aciem
1129 2601 1196 2661 dies
1234 2601 1371 2680 aperuit.

249 2699 440 2759 Eduxerant
466 2700 581 2760 Batavi
602 2700 717 2759 turrim
739 2698 863 2778 duplici
884 2698 1047 2776 tabulato,
1070 2717 1169 2776 quam
1192 2698 1372 2776 praetoriae

249 2799 360 2875 portae
382 2796 422 2874 (is
445 2797 657 2875 aequissimus
678 2797 782 2874 locus)
804 2796 1078 2875 propinquantem
1100 2794 1241 2874 promoti
1261 2800 1373 2856 contra

249 2894 350 2954 validi
381 2913 500 2954 asseres
531 2899 563 2955 et
592 2895 741 2955 incussae
768 2893 874 2955 trabes
903 2893 1097 2972 perfregere,
1129 2891 1234 2953 multa
1263 2912 1373 2972 super·

250 2992 407 3052 stantium
442 2993 597 3071 pernicie;
635 2996 881 3071 pugnatumque
918 2992 953 3051 in
990 2991 1154 3070 perculsos
1194 2990 1304 3052 subita
1342 2995 1374 3051 et
1388 3000 1417 3054 25

250 3108 402 3168 prospera
428 3090 604 3168 eruptione.
633 3089 737 3150 Simul
758 3110 777 3149 a
797 3088 981 3166 legionariis
1003 3087 1119 3167 peritia
1140 3092 1172 3148 et
1193 3091 1262 3148 arte
1283 3106 1373 3166 prae·

250 3187 410 3248 stantibus
445 3188 539 3267 plura
570 3187 785 3248 struebantur.
826 3186 1041 3264 Praecipuum
1072 3204 1228 3264 pavorem
1260 3184 1374 3245 intulit

251 3305 444 3365 suspensum
466 3291 497 3346 et
518 3290 636 3346 nutans
657 3285 975 3361 machinamentum,
998 3303 1062 3361 quo
1083 3288 1214 3361 repente
1232 3282 1373 3343 demisso
1416 3330 1418 3333 .

251 3389 376 3463 praeter
404 3403 537 3445 suorum
566 3403 621 3444 ora
648 3382 767 3461 singuli
788 3383 938 3461 pluresve
960 3381 1104 3442 hostium
1126 3380 1267 3441 sublime
1288 3381 1373 3460 rapti

287 3728 312 3780 9.
332 3737 498 3795 penetrarent
508 3728 550 3779 ΡΙ.
572 3758 604 3765 -
615 3729 639 3781 3.
659 3745 701 3779 mo
712 3727 714 3797 i
724 3728 778 3793 laq3
797 3725 839 3777 Fl.
861 3757 894 3764 —
905 3727 929 3778 s.
950 3725 1046 3776 deestis
1062 3755 1094 3763 -
1105 3725 1129 3778 9.
1144 3725 1279 3792 perspicua
1287 3724 1330 3777 Fl.
1342 3754 1374 3762 -

254 3818 294 3871 10.
315 3826 340 3868 ct
357 3818 458 3883 fulgens
477 3817 507 3867 F.
528 3846 561 3853 —
583 3817 622 3869 13.
642 3833 716 3866 casus
733 3815 824 3865 incerti
845 3815 858 3863 b
877 3815 905 3864 iu
923 3815 945 3865 F
964 3833 995 3865 ru.
1015 3814 1031 3865 2
1050 3814 1078 3864 ia
1090 3814 1202 3879 frustula
1217 3814 1375 3865 nrambranac

253 3908 408 3974 (rqqlrttinato
427 3923 514 3957 corsus
532 3906 655 3970 Inceptti;
680 3904 878 3971 appretiatione
894 3904 968 3970 prior
985 3904 1110 3969 scriptura
1128 3910 1244 3969 coopertu
1263 3911 1299 3954 eat
1317 3920 1375 3953 con·

252 4013 341 4047 cursus
360 3995 451 4046 incerti
469 3995 597 4045 Heraeus,
619 4023 651 4031 —
672 3993 712 4043 14.
733 3995 890 4057 circfiageret
908 3991 951 4042 Fl.
972 4021 1004 4028 —
1026 3993 1066 4044 15.
1087 3999 1158 4042 artus
1176 3990 1249 4058 Iztpa
1267 3992 1375 4043 areusF

253 4084 359 4136 tendere
385 4084 428 4134 aet
455 4083 588 4133 intendere
612 4083 694 4132 iactus
718 4082 856 4132 Acidaliae
879 4081 1013 4132 intendere
1037 4080 1101 4131 ictus
1129 4080 1312 4133 Weissenborn.
1342 4110 1374 4118 —-

256 4176 295 4227 17.
315 4190 410 4239 gnarus
430 4172 455 4221 b2
473 4172 578 4237 ignarus
596 4172 626 4222 F.
648 4202 681 4208 —
701 4169 743 4223 23.
763 4171 821 4220 locri
838 4171 869 4221 F.
890 4200 923 4207 —
943 4168 985 4223 26.
1005 4186 1128 4236 prospere
1146 4169 1268 4234 ruptione
1285 4170 1317 4220 F.
