3409 4909
251 480 276 529 p.
294 462 344 513 Ch.
365 462 410 522 70)
585 477 812 521 meromontem
833 460 890 520 IV.
912 459 1040 520 56-58.
1316 458 1373 520 193

250 647 445 708 miseriarum
471 656 590 726 expecto.
625 646 720 708 Vestri
745 666 792 706 me
814 646 909 725 pudet
928 646 1115 724 miseretque,
1144 645 1283 707 0000000000
1303 665 1374 724 quos

250 763 311 805 non
334 744 486 823 proelium
513 754 540 806 et
567 744 643 806 acies
666 753 821 823 parantur
847 744 897 821 (ta
924 744 1004 804 enim
1027 744 1082 822 fas
1102 764 1258 804 armorum
1279 752 1306 803 et
1326 743 1374 804 ius

199 865 213 874 ·
252 841 382 904 mortim
412 844 483 920 est):
514 842 623 903 bellum
655 863 722 904 orem
746 843 859 921 populo
885 843 1024 903 Romano
1051 842 1151 903 vestris
1178 862 1206 903 se
1233 840 1374 901 manibus

248 948 403 1018 postorum
433 940 580 1002 Classiam
602 950 701 1020 sperat
726 940 944 1019 imperiumque
970 948 997 1000 et
1023 949 1243 1000 sacramentum
1274 937 1373 999 Galli·

218 1047 341 1102 norom
369 1046 503 1099 ostentat.
528 1038 613 1099 Adeo
632 1058 700 1115 nos,
727 1038 754 1099 si
769 1037 899 1115 fortuna
919 1038 953 1098 in
973 1057 1109 1114 praesens
1128 1037 1278 1116 uirtusque
1298 1036 1373 1097 ‹lese-

251 1135 330 1212 ruit,
351 1136 443 1196 etiam
464 1145 561 1197 uetera
580 1136 712 1215 exempla
732 1136 890 1215 defluunt,
917 1135 1050 1214 quotiens
1069 1136 1228 1196 Romanae
1250 1135 1374 1212 leqiones

247 1234 347 1313 perire
372 1234 630 1313 praeoptaverint,
664 1254 701 1295 00
733 1234 791 1295 looo
818 1233 1024 1313 pellerentur?
1057 1233 1137 1294 Socii
1166 1253 1250 1312 saepe
1279 1232 1374 1293 nostri

252 1332 370 1394 00000000
395 1332 479 1393 urbes
504 1352 574 1393 suas
602 1352 685 1411 seque
704 1353 772 1393 oum
792 1332 967 1409 ooniaqibus
986 1351 1021 1392 ao
1044 1331 1142 1392 liberis
1161 1331 1290 1393 eremari
1306 1351 1373 1409 per·

254 1428 402 1501 0000000ος
439 1450 530 1509 neque
566 1430 656 1491 aliud
688 1430 823 1508 pretium
859 1430 954 1490 0000000
989 1450 1082 1509 quam·
1111 1430 1188 1508 fides
1213 1429 1372 1507 famaque.

199 1531 241 1602 10
256 1525 397 1588 Tolerant
415 1548 483 1589 aum
503 1528 634 1589 maxime
653 1527 791 1606 inopiam
804 1527 1009 1606 obsidiumque
1023 1527 1107 1606 apud
1133 1528 1234 1588 Vetera
1250 1527 1374 1604 quianes

199 1607 213 1710 l
255 1642 303 1686 000
324 1634 431 1686 terrore
450 1635 506 1685 out
522 1625 678 1704 promissis
697 1625 895 1686 demorentur
918 1625 1011 1686 Nobis
1029 1645 1116 1704 super
1137 1634 1273 1685 armoet
1296 1624 1374 1685 uiros

202 1723 281 1782 et
297 1723 418 1800 eqreqia
437 1733 602 1784 castrorum
622 1724 812 1784 munimenta
827 1717 1019 1801 frumentum
1036 1732 1062 1783 et
1075 1732 1255 1783 commeatum
1267 1742 1373 1801 quam·

258 1818 297 1880 rte
327 1820 414 1898 louqo
444 1820 489 1881 bel
492 1822 518 1881 lo
546 1841 649 1900 pares;
677 1821 807 1899 pecunia
832 1841 928 1899 uuper
955 1821 1046 1881 etiam
1074 1821 1181 1881 olonat
1158 1830 1215 1881 troo
1242 1820 1373 1898 sufferi&

224 1917 228 1944 ³
261 1917 332 1993 quod
356 1918 416 1978 sive
442 1938 463 1978 a
499 1918 677 1997 Vespasiano
701 1917 759 1979 0000
779 1938 799 1977 0
829 1918 946 1978 Vitellio
968 1918 1075 1978 elatum
1096 1918 1289 1996 interpretari
1308 1938 1374 1977 ma·
1399 1977 1403 1984 ,

263 2014 357 2094 tultis,
396 2014 434 2075 ob
467 2015 644 2095 imperatore
674 2025 746 2077 certe
775 2017 913 2077 Romano
945 2016 1104 2094 accepistis.
1147 2016 1199 2076 Tot
1230 2015 1373 2075 bellorum

235 2147 238 2152 ·
264 2110 387 2191 00000000,
415 2113 499 2192 opud
530 2113 714 2192 Geldubam,
743 2114 827 2192 apuel
864 2113 982 2189 Vetera,
1004 2112 1075 2190 fuso
1103 2113 1206 2173 totiens
1227 2112 1320 2188 hoste,
1348 2111 1374 2172 si

235 2291 238 2296 Ι
262 2211 365 2284 nautis
384 2212 494 2289 aaiem,
522 2212 686 2290 ineliqnum
707 2212 741 2271 id
762 2211 899 2290 quidom;
923 2210 972 2271 sed
992 2221 1033 2270 est
1052 2210 1169 2270 uallum
1190 2210 1328 2288 murique
1347 2219 1374 2270 et

233 2379 242 2386 ..
267 2307 396 2369 lralreudi
421 2318 515 2386 artes,
542 2310 631 2371 eloneo
656 2330 671 2370 e
693 2309 841 2387 praenimis
857 2308 1021 2387 provinciis
1040 2307 1160 2368 auxilia
1180 2308 1374 2386 exercitusque

235 2416 439 2467 -ooomrraut
467 2406 548 2468 Sane
568 2428 619 2485 eqo
640 2407 831 2486 displiceam·
858 2416 929 2467 ssent
949 2406 1007 2465 alii
1030 2405 1136 2483 leqati,
1160 2404 1289 2483 tribuni,
1311 2425 1374 2465 een·

266 2503 334 2565 turio
360 2504 486 2584 <leuique
513 2514 568 2566 aut
595 2505 689 2567 miles.
717 2506 764 2566 Ne
791 2506 842 2565 hoo
859 2504 1037 2583 prodiqium
1060 2513 1117 2564 toto
1140 2512 1288 2563 terrarum
1310 2502 1374 2563 orbe

261 2600 400 2680 aequem,
431 2603 511 2665 nobis
536 2603 716 2665 satellitibus
745 2603 869 2663 Ciuilem
896 2611 923 2663 et
953 2602 1117 2662 Classicum
1138 2601 1268 2660 Italiam
1289 2600 1374 2660 inna-

261 2712 345 2762 toros.
374 2702 443 2779 An,
473 2702 500 2763 si
530 2701 573 2762 ad
603 2702 723 2762 moenio
753 2700 836 2761 urbis
869 2700 1016 2761 Germani
1050 2699 1192 2777 Gallique
1219 2698 1373 2775 eluxerint,

261 2808 346 2857 00000
368 2799 492 2878 patriae
518 2799 673 2877 inferetis?
698 2799 811 2861 Horret
839 2798 962 2858 animus
991 2798 1069 2858 tanti
1090 2796 1210 2876 flnqitii
1230 2796 1374 2874 imaqiue.

266 2886 400 2957 Tutorine
424 2897 543 2958 lleoero
563 2907 692 2975 aqentnr
711 2896 869 2959 moabiae?
889 2895 1019 2973 Siqnum
1036 2894 1106 2955 belli
1122 2894 1260 2955 Batomts
1273 2894 1374 2973 dabit,

259 2991 526 3056 cenomanorum
546 3004 677 3057 cateruas
696 2994 889 3073 supplebitisl
913 2993 986 3065 Quis
1007 2992 1113 3053 deinde
1133 2992 1246 3052 sceleris
1265 2992 1374 3070 esitus,

260 3101 327 3149 cnm
350 3092 506 3154 Romanae
534 3092 660 3171 leqiones
685 3102 789 3153 contra
815 3090 1001 3152 dereseriut?
1017 3089 1221 3167 ⁴Trartssuqae
1243 3110 1258 3150 0
1281 3099 1375 3151 trans·

256 3180 341 3263 stipis
358 3199 384 3251 et
400 3190 567 3270 proditores
586 3211 601 3251 0
616 3190 835 3270 proditoribus,
857 3190 1050 3250 interrorem
1069 3198 1096 3248 et
1116 3197 1195 3249 uetus
1208 3208 1375 3249 0000000000-

265 3285 326 3345 turn
349 3288 438 3349 innisi
464 3288 526 3350 deis
552 3288 712 3350 errabitis?
743 3288 794 3366 Te,
821 3287 961 3365 Iuppiter
987 3287 1096 3365 optime
1116 3285 1261 3362 maxime,
1290 3306 1374 3363 quem

229 3447 232 3452 .
261 3392 316 3451 Pr
336 3387 512 3465 oetinqeutos
536 3387 647 3465 oiqinti
673 3406 769 3447 annos
797 3394 837 3445 000
858 3384 1021 3461 triumphis
1040 3382 1201 3459 coluimus,
1231 3391 1271 3458 te,
1303 3382 1376 3454 Qui-

266 3476 341 3560 vine,
360 3484 516 3545 Romanae
531 3504 643 3563 parens
663 3484 759 3561 urbis,
776 3502 880 3562 pretor
900 3501 1089 3558 uerterarque,
1110 3489 1159 3557 ut,
1181 3479 1207 3539 si
1223 3479 1303 3540 robis
1316 3501 1376 3542 non

270 3652 416 3677 N—

308 3782 327 3836 9.
349 3791 417 3841 exitii
436 3790 527 3841 Ritter.
553 3819 585 3827 -
607 3788 648 3842 10.
673 3796 774 3839 ueteras
793 3788 823 3838 F.
850 3816 883 3824 -
906 3786 945 3838 13.
971 3786 1070 3837 suffecit
1088 3784 1159 3851 Lips.
1179 3782 1273 3833 suffieit
1292 3783 1322 3833 F.
1343 3811 1376 3819 -

204 3931 211 3958 ἱ
277 3864 455 3947 1000εῷ00
474 3879 504 3929 n.
526 3908 558 3916 -
580 3876 620 3930 19.
640 3876 774 3943 displiceor
792 3877 814 3927 F
834 3877 858 3941 (r
876 3876 1020 3940 00000).
1042 3874 1127 3928 400.
1147 3871 1322 3924 nehohoott.
1344 3901 1376 3907 -

203 4045 213 4062 ¹.
278 3982 318 4044 23-
335 3967 426 4055 inferitis
448 4003 479 4055 F.
506 4032 537 4040 -
563 4001 606 4053 24.
633 4001 760 4052 Tutorine
784 4000 837 4051 Iao.
861 3999 968 4051 Gronov.
988 4007 1058 4050 tutor
1076 3998 1207 4049 Intreuiro
1225 3999 1247 4049 F
1266 3996 1377 4047 Tutorin

202 4131 220 4164 3
284 4073 345 4139 still
367 4120 397 4130 -
421 4090 469 4162 bel
483 4108 532 4143 uus
555 4092 585 4142 F.
612 4121 645 4129 —
668 4089 711 4143 26.
739 4088 858 4158 (aciem)
882 4096 972 4139 contra
996 4088 1143 4139 detexerint
1167 4086 1247 4153 Nipp.
1267 4087 1379 4152 legiones

287 4162 337 4241 (ἃ)
352 4179 459 4250 00000009.
479 4212 512 4219 -
531 4180 574 4233 27.
594 4180 733 4247 proditoris
751 4177 792 4230 Fl.

315 4271 453 4323 0001000000
472 4283 599 4322 unomen.
619 4270 671 4320 ΙΙΙ.
1242 4265 1272 4316 13
