3409 4909
307 483 346 543 82
731 496 871 549 cossam
893 496 1003 539 racmr
1276 482 1311 545 (a.
1332 498 1356 531 u.
1377 480 1429 534 822

308 667 494 744 dilectibus,
522 666 822 727 ut'remanentium
844 665 1007 742 legionum
1029 665 1163 724 nomina
1184 664 1430 744 supplerentur:

307 786 384 827 cura
415 766 503 844 ripae
535 765 721 826 Hordeonio
753 765 869 825 Flacco
897 764 1060 843 permissa.
1093 763 1169 841 lpse
1197 782 1213 823 e
1242 763 1431 824 Britannico

309 862 489 941 (exercitu)
512 861 635 922 delecta
656 866 727 922 octo
749 861 840 921 milia
855 861 917 921 sibi
931 860 1090 921 adiunxit.
1113 862 1156 921 Et
1171 880 1351 940 paucorum
1366 860 1432 921 die-

307 981 380 1022 rum
402 961 461 1021 iter
482 979 666 1039 progressus
687 978 856 1038 prosperas
878 960 965 1037 apud
988 957 1181 1019 Bedriacum
1203 977 1253 1019 res
1275 977 1312 1019 ac
1328 963 1432 1019 morte

308 1058 446 1120 Othonis
467 1057 643 1119 concidisse
664 1057 788 1118 bellum
809 1057 941 1135 accepit.
963 1057 1086 1117 Vocata
1107 1057 1257 1126 contione
1274 1056 1432 1117 virtutem
1449 1070 1464 1121 5

308 1157 451 1217 militum
473 1155 624 1216 laudibus
646 1155 807 1216 cumulat:
829 1153 1016 1234 postulante
1037 1156 1195 1233 exercita,
1217 1159 1255 1215 ut
1276 1154 1432 1215 libertum

308 1275 404 1316 suum
440 1255 620 1315 Asiaticum
658 1254 798 1333 equestri
836 1252 992 1330 dignitate
1030 1251 1182 1330 donaret,
1223 1253 1431 1313 inhonestam

308 1352 529 1414 adulationem
550 1352 714 1431 conpescit
721 1371 728 1428 3
750 1350 826 1412 dein
847 1350 1028 1412 mobilitate
1050 1351 1186 1428 ingenii,
1210 1350 1297 1430 quod
1321 1350 1432 1429 palam

308 1451 480 1528 abnuerat,
501 1451 584 1510 inter
605 1454 726 1510 secreta
747 1449 888 1510 convivii
908 1448 1058 1527 largitur,
1081 1449 1317 1528 honoravitque
1340 1449 1431 1509 Asia·

309 1548 411 1608 ticum
426 1548 547 1625 anulis,
563 1545 695 1607 foedum
709 1547 911 1625 mancipium
926 1551 958 1606 et
969 1545 1063 1606 malis
1075 1545 1198 1606 artibus
1210 1545 1430 1606 ambitiosum.
1450 1557 1480 1610 10

256 1651 295 1711 58
349 1646 458 1707 Isdem
487 1645 601 1706 dicbus
626 1645 793 1705 accessisse
814 1644 960 1724 partibus
982 1650 1153 1723 utramque
1175 1644 1431 1720 Mauretaniam,

309 1743 476 1804 interfecto
497 1747 703 1822 procuratore
724 1742 860 1819 Albino,
882 1743 990 1803 nuntii
1006 1761 1135 1803 venere.
1165 1742 1321 1802 Lucceius
1343 1740 1432 1802 Albi-

309 1862 371 1902 nus
399 1862 418 1902 a
445 1842 571 1902 Nerone
600 1841 820 1915 Mauretaniae
848 1840 1046 1901 Caesariensi
1073 1840 1290 1919 praepositus,
1320 1838 1433 1899 addita

309 1959 366 2019 per
398 1939 537 1999 Galbam
568 1939 757 2015 Tingitanae
788 1938 974 2017 provinciae
1006 1937 1302 2014 administratione,
1342 1937 1433 1997 haud

310 2035 498 2115 spernendis
520 2036 643 2098 viribus
665 2036 787 2113 agebat.
817 2035 936 2097 Decem
957 2055 1075 2096 novem
1097 2035 1260 2111 cohortes,
1287 2036 1432 2114 quinque
1452 2048 1480 2098 15

310 2134 395 2212 alae,
424 2135 536 2211 ingens
564 2134 753 2194 Maurorum
781 2152 936 2194 numerus
964 2131 1091 2210 aderat,
1120 2152 1177 2212 per
1203 2131 1376 2193 latrocinia
1403 2138 1433 2194 et

310 2238 422 2310 raptus
450 2237 527 2311 apta
554 2231 639 2292 bello
667 2251 793 2292 manus.
822 2232 922 2292 Caeso
945 2230 1049 2292 Galba
1070 2232 1103 2291 in
1126 2230 1296 2292 Othonem
1310 2251 1432 2310 pronus

310 2350 369 2391 nec
407 2329 516 2390 Africa
554 2333 725 2390 contentus
759 2320 939 2407 Hispaniae
971 2334 1107 2406 angusto
1139 2328 1220 2390 freto
1252 2327 1433 2408 diremptae

249 2499 252 2503 r
309 2427 510 2488 imminebat.
539 2426 621 2513 Inde
643 2426 758 2488 Cluvio
780 2427 864 2487 Rufo
888 2432 1008 2503 metus;
1038 2432 1070 2487 et
1090 2426 1251 2487 decimam
1272 2426 1433 2503 legionem

310 2526 528 2605 propinquare
555 2524 642 2585 litori
669 2528 707 2584 ut
730 2525 978 2584 transmissurus
999 2524 1101 2583 iussit.
1131 2524 1303 2584 Praemissi
1324 2529 1433 2585 centu·
1450 2534 1482 2588 20

310 2623 431 2699 rioneS,
460 2623 516 2700 qui
545 2623 733 2682 Maurorum
762 2622 888 2681 animos
916 2621 1048 2682 Vitellio
1075 2620 1284 2691 conciliarent
1291 2630 1298 2696 3
1328 2640 1433 2699 neque
1467 2628 1469 2630 ’

311 2720 449 2781 arduum
488 2720 565 2796 fuit,
604 2739 721 2797 magna
752 2738 809 2797 per
840 2719 1024 2798 provincias
1057 2718 1241 2780 Germanici
1272 2719 1433 2780 exercitus

310 2818 407 2879 fama.
449 2817 665 2897 spargebatur
702 2818 834 2896 insuper
873 2823 981 2895 spreto
1019 2817 1234 2896 procuratoris
1274 2816 1433 2878 vocabulo

258 2919 297 2981 59
311 2916 469 2976 Albinum
490 2916 615 2993 insigne
635 2915 717 2991 regis
738 2920 770 2975 et
790 2914 892 2975 Iubae
910 2933 1029 2974 nomen
1044 2933 1209 2993 usurpare,
1232 2913 1284 2974 lta
1298 2914 1434 2975 mutatis

283 3056 292 3068 .
311 3014 429 3074 animis
451 3014 583 3081 Asinius
604 3013 723 3087 Pollio,
752 3012 822 3072 alae
843 3011 1040 3092 praefectus,
1069 3031 1085 3072 e
1107 3011 1273 3072 fidissimis
1295 3011 1432 3089 Albino,
1451 3027 1482 3081 25

311 3121 343 3173 et
365 3111 478 3171 Festus
501 3130 537 3171 ac
558 3110 681 3189 Scipio,
703 3109 884 3171 cohortium
907 3109 1074 3188 praefecti,
1097 3108 1335 3187 opprimuntur.
1359 3110 1434 3188 lpse

312 3209 466 3286 Albinus,
492 3208 572 3269 dum
594 3228 610 3269 e
632 3208 803 3284 Tingitana
824 3207 990 3286 provincia
1012 3206 1251 3267 Caesariensem
1272 3206 1433 3268 Maureta-

312 3307 401 3367 niam
428 3307 524 3387 petit,
553 3305 692 3385 adpulsu
721 3305 824 3366 litoris
852 3304 1049 3380 trucidatus,
1078 3322 1161 3364 uxor
1188 3304 1279 3381 eius,
1302 3323 1379 3364 cum
1399 3322 1433 3365 se

311 3404 552 3484 percussoribus
580 3402 764 3480 obtulisset,
792 3402 892 3463 simul
918 3401 1086 3463 interiecta
1108 3406 1170 3478 est,
1199 3401 1284 3462 nihil
1305 3398 1432 3480 eorum,

312 3598 471 3605 ...—--—

347 3751 372 3803 2.
398 3753 482 3804 curari
505 3700 711 3828 pedrdeoniopF.
731 3783 764 3790 -
775 3754 799 3805 3.
821 3749 973 3820 (exercitu)
984 3752 1042 3802 add.
1054 3751 1174 3803 Heraeus
1185 3750 1317 3818 (saitolim
1326 3752 1434 3818 cahem

312 3843 462 3893 Britannico
480 3842 582 3893 dilectu.
613 3870 645 3879 -
665 3842 689 3893 9.
718 3840 804 3891 convii
821 3841 844 3891 F
863 3842 891 3906 cs.
911 3858 939 3907 p.
958 3838 1045 3892 87.]3.
1073 3869 1106 3877 -
1124 3839 1315 3904 honorauitque
1333 3839 1432 3891 Raeol.

312 3932 461 3997 onerauitq;
481 3932 503 3981 F
522 3931 677 3997 ornauitque
695 3930 728 3981 G.
756 3959 788 3967 -
810 3930 850 3980 14.
871 3929 1004 4000 tangitane
1021 3929 1051 3979 F.
1076 3957 1108 3965 -
1130 3928 1277 3981 indecem
1297 3945 1390 3979 nouem
1411 3929 1434 3978 F

312 4020 427 4071 XVlllI
453 4021 507 4071 cdd.
532 4038 582 4086 seq.
608 4019 694 4070 decem
714 4027 740 4069 et
763 4034 858 4069 nouem
882 4017 967 4068 Rider
989 4016 1151 4083 undeuiginti
1172 4016 1284 4068 Waltter
1302 4016 1341 4067 cll.
1362 4017 1432 4067 Ann.

314 4108 399 4161 1256.
426 4138 460 4145 -
486 4110 526 4160 17.
552 4108 683 4159 Othonem
708 4107 790 4159 Rhea.
814 4108 910 4158 othone
931 4107 961 4158 F.
982 4136 1015 4144 -
1034 4106 1077 4159 25.
1097 4108 1121 4174 e]
1141 4113 1166 4157 et
1184 4107 1215 4157 F.
1236 4136 1268 4143 —
1287 4105 1330 4158 27.
1357 4106 1434 4157 Mau·

311 4198 410 4248 reliana
429 4198 451 4248 F
469 4197 542 4263 petiti
561 4198 591 4249 F.
1003 4192 1005 4196 ’
