<?xml version="1.0" encoding="UTF-8"?>
<!DOCTYPE html PUBLIC "-//W3C//DTD XHTML 1.0 Transitional//EN"
    "http://www.w3.org/TR/xhtml1/DTD/xhtml1-transitional.dtd">
<html xmlns="http://www.w3.org/1999/xhtml" xml:lang="en" lang="en">
 <head>
  <title>
</title>
<meta http-equiv="Content-Type" content="text/html;charset=utf-8" />
  <meta name='ocr-system' content='tesseract 3.04.00' />
  <meta name='ocr-capabilities' content='ocr_page ocr_carea ocr_par ocr_line ocrx_word'/>
</head>
<body>
  <div class='ocr_page' id='page_1' title='image "./historiaecumfra00vliegoog_0182.png"; bbox 0 0 3409 4909; ppageno 0'>
   <div class='ocr_carea' id='block_1_1' title="bbox 312 448 1429 510">
    <p class='ocr_par' dir='ltr' id='par_1_1' title="bbox 312 448 1429 510">
     <span class='ocr_line' id='line_1_1' title="bbox 312 448 1429 510; baseline -0.005 -2"><span class='ocrx_word' id='word_1_1' title='bbox 312 448 370 509; x_wconf 81' lang='grc'><strong>168</strong></span> <span class='ocrx_word' id='word_1_2' title='bbox 737 465 877 508; x_wconf 78' lang='lat' dir='ltr'><strong>connum</strong></span> <span class='ocrx_word' id='word_1_3' title='bbox 899 465 1010 508; x_wconf 81' lang='lat' dir='ltr'><strong>racrrr</strong></span> <span class='ocrx_word' id='word_1_4' title='bbox 1282 451 1317 510; x_wconf 82' lang='lat' dir='ltr'><strong>(a.</strong></span> <span class='ocrx_word' id='word_1_5' title='bbox 1338 468 1363 502; x_wconf 89' lang='lat' dir='ltr'><strong>u.</strong></span> <span class='ocrx_word' id='word_1_6' title='bbox 1382 448 1429 504; x_wconf 83' lang='lat'><strong>822</strong></span> 
     </span>
    </p>
   </div>
   <div class='ocr_carea' id='block_1_2' title="bbox 256 632 1470 3452">
    <p class='ocr_par' dir='ltr' id='par_1_2' title="bbox 256 632 1470 3452">
     <span class='ocr_line' id='line_1_2' title="bbox 310 632 1430 714; baseline 0.002 -21"><span class='ocrx_word' id='word_1_7' title='bbox 310 652 393 713; x_wconf 91' lang='lat' dir='ltr'><strong>quae</strong></span> <span class='ocrx_word' id='word_1_8' title='bbox 420 632 564 694; x_wconf 76' lang='lat' dir='ltr'>sciebant</span> <span class='ocrx_word' id='word_1_9' title='bbox 590 638 790 711; x_wconf 86' lang='lat' dir='ltr'><strong>negaturum.</strong></span> <span class='ocrx_word' id='word_1_10' title='bbox 822 634 935 714; x_wconf 86' lang='lat' dir='ltr'><strong>Spreto</strong></span> <span class='ocrx_word' id='word_1_11' title='bbox 958 633 1073 694; x_wconf 89' lang='lat' dir='ltr'><strong>Flacco</strong></span> <span class='ocrx_word' id='word_1_12' title='bbox 1094 632 1278 695; x_wconf 82' lang='lat' dir='ltr'><strong>inferiorem</strong></span> <span class='ocrx_word' id='word_1_13' title='bbox 1302 634 1430 695; x_wconf 86' lang='lat' dir='ltr'><strong>Germa-</strong></span> 
     </span>
     <span class='ocr_line' id='line_1_3' title="bbox 309 730 1430 810; baseline 0.002 -19"><span class='ocrx_word' id='word_1_14' title='bbox 309 730 398 792; x_wconf 86' lang='lat' dir='ltr'>niam</span> <span class='ocrx_word' id='word_1_15' title='bbox 426 731 591 810; x_wconf 84' lang='lat' dir='ltr'><strong>petivere,</strong></span> <span class='ocrx_word' id='word_1_16' title='bbox 612 737 650 792; x_wconf 93' lang='lat' dir='ltr'><strong>ut</strong></span> <span class='ocrx_word' id='word_1_17' title='bbox 678 732 774 792; x_wconf 88' lang='lat' dir='ltr'><strong>Civili</strong></span> <span class='ocrx_word' id='word_1_18' title='bbox 801 732 1018 809; x_wconf 88' lang='lat' dir='ltr'><strong>iungerentur.</strong></span> <span class='ocrx_word' id='word_1_19' title='bbox 1049 731 1256 793; x_wconf 83' lang='lat' dir='ltr'>Hordeonius</span> <span class='ocrx_word' id='word_1_20' title='bbox 1277 732 1430 794; x_wconf 79' lang='lat' dir='ltr'><strong>adhibitis</strong></span> 
     </span>
     <span class='ocr_line' id='line_1_4' title="bbox 309 828 1430 909; baseline 0.003 -21"><span class='ocrx_word' id='word_1_21' title='bbox 309 828 447 889; x_wconf 89' lang='lat' dir='ltr'><strong>tribunis</strong></span> <span class='ocrx_word' id='word_1_22' title='bbox 475 828 783 907; x_wconf 88' lang='lat' dir='ltr'><strong>centurionibusque</strong></span> <span class='ocrx_word' id='word_1_23' title='bbox 811 830 1024 904; x_wconf 73' lang='lat' dir='ltr'><strong>consultavit,</strong></span> <span class='ocrx_word' id='word_1_24' title='bbox 1052 849 1134 889; x_wconf 87' lang='lat' dir='ltr'><strong>num</strong></span> <span class='ocrx_word' id='word_1_25' title='bbox 1161 829 1356 909; x_wconf 86' lang='lat' dir='ltr'><strong>obsequium</strong></span> <span class='ocrx_word' id='word_1_26' title='bbox 1380 830 1430 891; x_wconf 83' lang='lat' dir='ltr'><strong>ab</strong></span> 
     </span>
     <span class='ocr_line' id='line_1_5' title="bbox 309 926 1429 1007; baseline 0.003 -20"><span class='ocrx_word' id='word_1_27' title='bbox 309 931 445 987; x_wconf 89' lang='lat' dir='ltr'><strong>nuentes</strong></span> <span class='ocrx_word' id='word_1_28' title='bbox 466 926 499 987; x_wconf 90' lang='lat' dir='ltr'><strong>vi</strong></span> <span class='ocrx_word' id='word_1_29' title='bbox 520 930 692 1003; x_wconf 76' lang='lat' dir='ltr'><strong>coirceret3</strong></span> <span class='ocrx_word' id='word_1_30' title='bbox 715 947 791 988; x_wconf 89' lang='lat' dir='ltr'><strong>mox</strong></span> <span class='ocrx_word' id='word_1_31' title='bbox 807 928 905 989; x_wconf 87' lang='lat' dir='ltr'><strong>insita</strong></span> <span class='ocrx_word' id='word_1_32' title='bbox 919 929 1049 1005; x_wconf 84' lang='lat' dir='ltr'><strong>ignavia</strong></span> <span class='ocrx_word' id='word_1_33' title='bbox 1063 934 1096 989; x_wconf 90' lang='lat' dir='ltr'><strong>et</strong></span> <span class='ocrx_word' id='word_1_34' title='bbox 1109 928 1245 1007; x_wconf 84' lang='lat' dir='ltr'><strong>trepidis</strong></span> <span class='ocrx_word' id='word_1_35' title='bbox 1260 928 1429 1006; x_wconf 87' lang='lat' dir='ltr'><strong>ministris,</strong></span> 
     </span>
     <span class='ocr_line' id='line_1_6' title="bbox 309 1024 1459 1105; baseline 0.005 -20"><span class='ocrx_word' id='word_1_36' title='bbox 309 1044 390 1104; x_wconf 90' lang='lat' dir='ltr'><strong>quos</strong></span> <span class='ocrx_word' id='word_1_37' title='bbox 412 1024 582 1101; x_wconf 89' lang='lat' dir='ltr'><strong>ambiguus</strong></span> <span class='ocrx_word' id='word_1_38' title='bbox 602 1024 799 1086; x_wconf 86' lang='lat' dir='ltr'><strong>auxiliorum</strong></span> <span class='ocrx_word' id='word_1_39' title='bbox 814 1025 942 1086; x_wconf 88' lang='lat' dir='ltr'><strong>animus</strong></span> <span class='ocrx_word' id='word_1_40' title='bbox 958 1030 990 1086; x_wconf 90' lang='lat' dir='ltr'><strong>et</strong></span> <span class='ocrx_word' id='word_1_41' title='bbox 1004 1025 1110 1086; x_wconf 92' lang='lat' dir='ltr'><strong>subito</strong></span> <span class='ocrx_word' id='word_1_42' title='bbox 1127 1025 1248 1086; x_wconf 91' lang='lat' dir='ltr'><strong>dilectu</strong></span> <span class='ocrx_word' id='word_1_43' title='bbox 1262 1027 1430 1105; x_wconf 88' lang='lat' dir='ltr'><strong>suppletae</strong></span> <span class='ocrx_word' id='word_1_44' title='bbox 1446 1041 1459 1091; x_wconf 81' lang='lat'><strong><em>5</em></strong></span> 
     </span>
     <span class='ocr_line' id='line_1_7' title="bbox 308 1120 1429 1201; baseline 0.004 -20"><span class='ocrx_word' id='word_1_45' title='bbox 308 1120 448 1198; x_wconf 83' lang='lat' dir='ltr'><strong>legiones</strong></span> <span class='ocrx_word' id='word_1_46' title='bbox 480 1120 655 1198; x_wconf 84' lang='lat' dir='ltr'><strong>angebant,</strong></span> <span class='ocrx_word' id='word_1_47' title='bbox 687 1122 802 1183; x_wconf 86' lang='lat' dir='ltr'><strong>statuit</strong></span> <span class='ocrx_word' id='word_1_48' title='bbox 833 1123 995 1183; x_wconf 87' lang='lat' dir='ltr'><strong>continere</strong></span> <span class='ocrx_word' id='word_1_49' title='bbox 1027 1123 1112 1184; x_wconf 89' lang='lat' dir='ltr'><strong>intra</strong></span> <span class='ocrx_word' id='word_1_50' title='bbox 1144 1129 1248 1185; x_wconf 90' lang='lat' dir='ltr'><strong>castra</strong></span> <span class='ocrx_word' id='word_1_51' title='bbox 1276 1124 1429 1201; x_wconf 89' lang='lat' dir='ltr'><strong>militem;</strong></span> 
     </span>
     <span class='ocr_line' id='line_1_8' title="bbox 309 1217 1430 1300; baseline 0.004 -22"><span class='ocrx_word' id='word_1_52' title='bbox 309 1217 384 1278; x_wconf 87' lang='lat' dir='ltr'><strong>dein</strong></span> <span class='ocrx_word' id='word_1_53' title='bbox 412 1218 610 1298; x_wconf 88' lang='lat' dir='ltr'><strong>paenitentia</strong></span> <span class='ocrx_word' id='word_1_54' title='bbox 638 1224 670 1280; x_wconf 91' lang='lat' dir='ltr'><strong>et</strong></span> <span class='ocrx_word' id='word_1_55' title='bbox 698 1219 905 1296; x_wconf 83' lang='lat' dir='ltr'><strong>arguentibus</strong></span> <span class='ocrx_word' id='word_1_56' title='bbox 934 1220 1029 1300; x_wconf 89' lang='lat' dir='ltr'><strong>ipsis,</strong></span> <span class='ocrx_word' id='word_1_57' title='bbox 1057 1221 1114 1299; x_wconf 93' lang='lat' dir='ltr'><strong>qui</strong></span> <span class='ocrx_word' id='word_1_58' title='bbox 1138 1228 1323 1299; x_wconf 90' lang='lat' dir='ltr'><strong>suaserant,</strong></span> <span class='ocrx_word' id='word_1_59' title='bbox 1352 1227 1430 1283; x_wconf 90' lang='lat' dir='ltr'><strong>tam-</strong></span> 
     </span>
     <span class='ocr_line' id='line_1_9' title="bbox 309 1317 1430 1399; baseline 0.003 -22"><span class='ocrx_word' id='word_1_60' title='bbox 309 1336 408 1396; x_wconf 91' lang='lat' dir='ltr'><strong>quam</strong></span> <span class='ocrx_word' id='word_1_61' title='bbox 439 1322 608 1378; x_wconf 91' lang='lat' dir='ltr'><strong>secuturus</strong></span> <span class='ocrx_word' id='word_1_62' title='bbox 639 1317 766 1397; x_wconf 88' lang='lat' dir='ltr'><strong>scripsit</strong></span> <span class='ocrx_word' id='word_1_63' title='bbox 799 1318 963 1379; x_wconf 90' lang='lat' dir='ltr'><strong>Herennio</strong></span> <span class='ocrx_word' id='word_1_64' title='bbox 996 1318 1106 1397; x_wconf 88' lang='lat' dir='ltr'><strong>Gallo,</strong></span> <span class='ocrx_word' id='word_1_65' title='bbox 1142 1318 1277 1397; x_wconf 89' lang='lat' dir='ltr'><strong>legionis</strong></span> <span class='ocrx_word' id='word_1_66' title='bbox 1309 1321 1430 1399; x_wconf 85' lang='lat' dir='ltr'><strong>primae</strong></span> 
     </span>
     <span class='ocr_line' id='line_1_10' title="bbox 308 1414 1429 1493; baseline 0.004 -19"><span class='ocrx_word' id='word_1_67' title='bbox 308 1414 429 1492; x_wconf 88' lang='lat' dir='ltr'><strong>legato,</strong></span> <span class='ocrx_word' id='word_1_68' title='bbox 457 1415 514 1493; x_wconf 89' lang='lat' dir='ltr'><strong>qui</strong></span> <span class='ocrx_word' id='word_1_69' title='bbox 535 1415 683 1475; x_wconf 90' lang='lat' dir='ltr'><strong>Bonnam</strong></span> <span class='ocrx_word' id='word_1_70' title='bbox 705 1415 887 1492; x_wconf 85' lang='lat' dir='ltr'><strong>obtinebat,</strong></span> <span class='ocrx_word' id='word_1_71' title='bbox 913 1421 950 1477; x_wconf 94' lang='lat' dir='ltr'><strong>ut</strong></span> <span class='ocrx_word' id='word_1_72' title='bbox 971 1422 1091 1477; x_wconf 81' lang='lat' dir='ltr'><strong>arceret</strong></span> <span class='ocrx_word' id='word_1_73' title='bbox 1112 1417 1252 1478; x_wconf 89' lang='lat' dir='ltr'><strong>transitu</strong></span> <span class='ocrx_word' id='word_1_74' title='bbox 1273 1418 1429 1479; x_wconf 86' lang='lat' dir='ltr'><strong>Batavos:</strong></span> 
     </span>
     <span class='ocr_line' id='line_1_11' title="bbox 309 1513 1470 1594; baseline 0.005 -22"><span class='ocrx_word' id='word_1_75' title='bbox 309 1532 342 1573; x_wconf 95' lang='lat' dir='ltr'><strong>se</strong></span> <span class='ocrx_word' id='word_1_76' title='bbox 370 1532 444 1573; x_wconf 90' lang='lat' dir='ltr'><strong>cum</strong></span> <span class='ocrx_word' id='word_1_77' title='bbox 472 1513 615 1573; x_wconf 89' lang='lat' dir='ltr'><strong>exercitu</strong></span> <span class='ocrx_word' id='word_1_78' title='bbox 643 1514 739 1590; x_wconf 90' lang='lat' dir='ltr'><strong>tergis</strong></span> <span class='ocrx_word' id='word_1_79' title='bbox 767 1533 879 1574; x_wconf 92' lang='lat' dir='ltr'><strong>eorum</strong></span> <span class='ocrx_word' id='word_1_80' title='bbox 904 1513 1088 1574; x_wconf 90' lang='lat' dir='ltr'><strong>haesurum.</strong></span> <span class='ocrx_word' id='word_1_81' title='bbox 1118 1514 1160 1574; x_wconf 85' lang='lat' dir='ltr'><strong>Et</strong></span> <span class='ocrx_word' id='word_1_82' title='bbox 1181 1515 1324 1593; x_wconf 88' lang='lat' dir='ltr'><strong>opprimi</strong></span> <span class='ocrx_word' id='word_1_83' title='bbox 1345 1521 1430 1594; x_wconf 83' lang='lat' dir='ltr'><strong>pote</strong></span> <span class='ocrx_word' id='word_1_84' title='bbox 1447 1527 1470 1581; x_wconf 83' lang='lat'><strong>10</strong></span> 
     </span>
     <span class='ocr_line' id='line_1_12' title="bbox 309 1610 1430 1693; baseline 0.004 -23"><span class='ocrx_word' id='word_1_85' title='bbox 309 1616 396 1687; x_wconf 90' lang='lat' dir='ltr'><strong>rant,</strong></span> <span class='ocrx_word' id='word_1_86' title='bbox 434 1611 461 1671; x_wconf 88' lang='lat' dir='ltr'><strong>si</strong></span> <span class='ocrx_word' id='word_1_87' title='bbox 492 1611 569 1672; x_wconf 90' lang='lat' dir='ltr'><strong>binc</strong></span> <span class='ocrx_word' id='word_1_88' title='bbox 602 1610 823 1689; x_wconf 91' lang='lat' dir='ltr'><strong>Hordeonius,</strong></span> <span class='ocrx_word' id='word_1_89' title='bbox 863 1611 937 1672; x_wconf 90' lang='lat' dir='ltr'><strong>inde</strong></span> <span class='ocrx_word' id='word_1_90' title='bbox 970 1612 1100 1690; x_wconf 86' lang='lat' dir='ltr'><strong>Gallus,</strong></span> <span class='ocrx_word' id='word_1_91' title='bbox 1137 1613 1234 1673; x_wconf 90' lang='lat' dir='ltr'><strong>motis</strong></span> <span class='ocrx_word' id='word_1_92' title='bbox 1265 1613 1430 1693; x_wconf 85' lang='lat' dir='ltr'><strong>utrimque</strong></span> 
     </span>
     <span class='ocr_line' id='line_1_13' title="bbox 309 1708 1430 1791; baseline 0.002 -22"><span class='ocrx_word' id='word_1_93' title='bbox 309 1709 425 1787; x_wconf 92' lang='lat' dir='ltr'><strong>copiis,</strong></span> <span class='ocrx_word' id='word_1_94' title='bbox 447 1708 571 1769; x_wconf 90' lang='lat' dir='ltr'><strong>medios</strong></span> <span class='ocrx_word' id='word_1_95' title='bbox 593 1708 798 1770; x_wconf 87' lang='lat' dir='ltr'><strong>clausissent:</strong></span> <span class='ocrx_word' id='word_1_96' title='bbox 821 1709 955 1770; x_wconf 81' lang='lat' dir='ltr'><strong>Flaccus</strong></span> <span class='ocrx_word' id='word_1_97' title='bbox 978 1710 1088 1770; x_wconf 89' lang='lat' dir='ltr'><strong>omisit</strong></span> <span class='ocrx_word' id='word_1_98' title='bbox 1107 1710 1274 1789; x_wconf 90' lang='lat' dir='ltr'><strong>inceptum</strong></span> <span class='ocrx_word' id='word_1_99' title='bbox 1294 1711 1430 1791; x_wconf 87' lang='lat' dir='ltr'><strong>aliisque</strong></span> 
     </span>
     <span class='ocr_line' id='line_1_14' title="bbox 309 1805 1430 1887; baseline 0.004 -23"><span class='ocrx_word' id='word_1_100' title='bbox 309 1805 424 1866; x_wconf 87' lang='lat' dir='ltr'><strong>litteris</strong></span> <span class='ocrx_word' id='word_1_101' title='bbox 446 1805 576 1866; x_wconf 84' lang='lat' dir='ltr'><strong>Gallum</strong></span> <span class='ocrx_word' id='word_1_102' title='bbox 598 1806 741 1882; x_wconf 91' lang='lat' dir='ltr'><strong>monuit,</strong></span> <span class='ocrx_word' id='word_1_103' title='bbox 767 1825 806 1866; x_wconf 87' lang='lat' dir='ltr'><strong>ne</strong></span> <span class='ocrx_word' id='word_1_104' title='bbox 827 1810 959 1867; x_wconf 88' lang='lat' dir='ltr'><strong>terreret</strong></span> <span class='ocrx_word' id='word_1_105' title='bbox 980 1806 1143 1868; x_wconf 90' lang='lat' dir='ltr'><strong>abeuntes.</strong></span> <span class='ocrx_word' id='word_1_106' title='bbox 1174 1806 1267 1868; x_wconf 92' lang='lat' dir='ltr'><strong>Unde</strong></span> <span class='ocrx_word' id='word_1_107' title='bbox 1290 1810 1430 1887; x_wconf 91' lang='lat' dir='ltr'><strong>suspicio</strong></span> 
     </span>
     <span class='ocr_line' id='line_1_15' title="bbox 310 1904 1431 1985; baseline 0.002 -19"><span class='ocrx_word' id='word_1_108' title='bbox 310 1910 423 1983; x_wconf 90' lang='lat' dir='ltr'><strong>sponte</strong></span> <span class='ocrx_word' id='word_1_109' title='bbox 444 1905 622 1982; x_wconf 85' lang='lat' dir='ltr'><strong>legatorum</strong></span> <span class='ocrx_word' id='word_1_110' title='bbox 644 1905 777 1965; x_wconf 85' lang='lat' dir='ltr'><strong>excitari</strong></span> <span class='ocrx_word' id='word_1_111' title='bbox 791 1904 915 1965; x_wconf 89' lang='lat' dir='ltr'><strong>bellum</strong></span> <span class='ocrx_word' id='word_1_112' title='bbox 930 1910 1127 1985; x_wconf 90' lang='lat' dir='ltr'><strong>cunctaque,</strong></span> <span class='ocrx_word' id='word_1_113' title='bbox 1149 1925 1232 1985; x_wconf 88' lang='lat' dir='ltr'><strong>quae</strong></span> <span class='ocrx_word' id='word_1_114' title='bbox 1248 1906 1431 1968; x_wconf 88' lang='lat' dir='ltr'><strong>acciderant</strong></span> 
     </span>
     <span class='ocr_line' id='line_1_16' title="bbox 309 2001 1467 2083; baseline 0.005 -21"><span class='ocrx_word' id='word_1_115' title='bbox 309 2007 366 2062; x_wconf 93' lang='lat' dir='ltr'><strong>aut</strong></span> <span class='ocrx_word' id='word_1_116' title='bbox 387 2001 628 2078; x_wconf 88' lang='lat' dir='ltr'><strong>metuebantur,</strong></span> <span class='ocrx_word' id='word_1_117' title='bbox 651 2022 717 2063; x_wconf 93' lang='lat' dir='ltr'><strong>non</strong></span> <span class='ocrx_word' id='word_1_118' title='bbox 738 2003 854 2063; x_wconf 91' lang='lat' dir='ltr'><strong>inertia</strong></span> <span class='ocrx_word' id='word_1_119' title='bbox 875 2003 988 2064; x_wconf 90' lang='lat' dir='ltr'><strong>militis</strong></span> <span class='ocrx_word' id='word_1_120' title='bbox 1011 2022 1114 2082; x_wconf 91' lang='lat' dir='ltr'><strong>neque</strong></span> <span class='ocrx_word' id='word_1_121' title='bbox 1135 2003 1281 2064; x_wconf 91' lang='lat' dir='ltr'><strong>hostium</strong></span> <span class='ocrx_word' id='word_1_122' title='bbox 1303 2005 1354 2083; x_wconf 89' lang='lat' dir='ltr'><strong>vi,</strong></span> <span class='ocrx_word' id='word_1_123' title='bbox 1377 2003 1430 2066; x_wconf 93' lang='lat' dir='ltr'><strong>sed</strong></span> <span class='ocrx_word' id='word_1_124' title='bbox 1445 2015 1467 2068; x_wconf 80' lang='lat' dir='ltr'><strong>li</strong></span> 
     </span>
     <span class='ocr_line' id='line_1_17' title="bbox 256 2099 1430 2185; baseline 0.003 -26"><span class='ocrx_word' id='word_1_125' title='bbox 256 2109 295 2169; x_wconf 81' lang='lat'><strong>20</strong></span> <span class='ocrx_word' id='word_1_126' title='bbox 308 2099 420 2160; x_wconf 83' lang='lat' dir='ltr'><strong>fraude</strong></span> <span class='ocrx_word' id='word_1_127' title='bbox 442 2099 562 2160; x_wconf 91' lang='lat' dir='ltr'><strong>ducum</strong></span> <span class='ocrx_word' id='word_1_128' title='bbox 584 2101 718 2162; x_wconf 89' lang='lat' dir='ltr'><strong>evenire.</strong></span> <span class='ocrx_word' id='word_1_129' title='bbox 744 2101 860 2161; x_wconf 88' lang='lat' dir='ltr'><strong>Batavi</strong></span> <span class='ocrx_word' id='word_1_130' title='bbox 881 2121 956 2185; x_wconf 88' lang='lat' dir='ltr'><strong>cum</strong></span> <span class='ocrx_word' id='word_1_131' title='bbox 978 2102 1090 2161; x_wconf 89' lang='lat' dir='ltr'><strong>castris</strong></span> <span class='ocrx_word' id='word_1_132' title='bbox 1111 2102 1340 2163; x_wconf 83' lang='lat' dir='ltr'><strong>Bonnensibus</strong></span> <span class='ocrx_word' id='word_1_133' title='bbox 1362 2122 1430 2182; x_wconf 83' lang='lat' dir='ltr'><strong>pro</strong></span> 
     </span>
     <span class='ocr_line' id='line_1_18' title="bbox 308 2198 1429 2277; baseline 0.003 -20"><span class='ocrx_word' id='word_1_134' title='bbox 308 2198 520 2277; x_wconf 89' lang='lat' dir='ltr'><strong>pinquarent,</strong></span> <span class='ocrx_word' id='word_1_135' title='bbox 542 2199 749 2277; x_wconf 88' lang='lat' dir='ltr'><strong>praemisere,</strong></span> <span class='ocrx_word' id='word_1_136' title='bbox 772 2199 828 2277; x_wconf 91' lang='lat' dir='ltr'><strong>qui</strong></span> <span class='ocrx_word' id='word_1_137' title='bbox 850 2199 1015 2259; x_wconf 91' lang='lat' dir='ltr'><strong>Herennio</strong></span> <span class='ocrx_word' id='word_1_138' title='bbox 1038 2198 1132 2259; x_wconf 86' lang='lat' dir='ltr'><strong>Gallo</strong></span> <span class='ocrx_word' id='word_1_139' title='bbox 1151 2199 1307 2261; x_wconf 88' lang='lat' dir='ltr'><strong>mandata</strong></span> <span class='ocrx_word' id='word_1_140' title='bbox 1322 2199 1429 2261; x_wconf 89' lang='lat' dir='ltr'><strong>cohor-</strong></span> 
     </span>
     <span class='ocr_line' id='line_1_19' title="bbox 308 2295 1429 2376; baseline 0.003 -22"><span class='ocrx_word' id='word_1_141' title='bbox 308 2295 392 2355; x_wconf 92' lang='lat' dir='ltr'><strong>tium</strong></span> <span class='ocrx_word' id='word_1_142' title='bbox 419 2300 602 2374; x_wconf 87' lang='lat' dir='ltr'><strong>exponeret.</strong></span> <span class='ocrx_word' id='word_1_143' title='bbox 631 2297 761 2356; x_wconf 82' lang='lat' dir='ltr'><strong>Nullam</strong></span> <span class='ocrx_word' id='word_1_144' title='bbox 787 2296 844 2357; x_wconf 82' lang='lat' dir='ltr'><strong>sibi</strong></span> <span class='ocrx_word' id='word_1_145' title='bbox 870 2297 978 2358; x_wconf 81' lang='lat' dir='ltr'><strong>bellam</strong></span> <span class='ocrx_word' id='word_1_146' title='bbox 1002 2297 1159 2357; x_wconf 79' lang='lat' dir='ltr'><strong>adversum</strong></span> <span class='ocrx_word' id='word_1_147' title='bbox 1178 2297 1349 2374; x_wconf 82' lang='lat' dir='ltr'><strong>Romanos,</strong></span> <span class='ocrx_word' id='word_1_148' title='bbox 1374 2317 1429 2376; x_wconf 80' lang='lat' dir='ltr'><strong>pro</strong></span> 
     </span>
     <span class='ocr_line' id='line_1_20' title="bbox 308 2392 1429 2475; baseline 0.002 -22"><span class='ocrx_word' id='word_1_149' title='bbox 308 2392 413 2470; x_wconf 81' lang='lat' dir='ltr'><strong>quibas</strong></span> <span class='ocrx_word' id='word_1_150' title='bbox 435 2394 540 2454; x_wconf 77' lang='lat' dir='ltr'><strong>totiens</strong></span> <span class='ocrx_word' id='word_1_151' title='bbox 559 2394 730 2454; x_wconf 74' lang='lat' dir='ltr'><strong>bellassent:</strong></span> <span class='ocrx_word' id='word_1_152' title='bbox 754 2395 842 2473; x_wconf 79' lang='lat' dir='ltr'><strong>lonpc</strong></span> <span class='ocrx_word' id='word_1_153' title='bbox 863 2404 952 2473; x_wconf 79' lang='lat' dir='ltr'><strong>atque</strong></span> <span class='ocrx_word' id='word_1_154' title='bbox 972 2396 1065 2456; x_wconf 81' lang='lat' dir='ltr'><strong>irrito</strong></span> <span class='ocrx_word' id='word_1_155' title='bbox 1078 2396 1194 2456; x_wconf 82' lang='lat' dir='ltr'><strong>militia</strong></span> <span class='ocrx_word' id='word_1_156' title='bbox 1204 2395 1295 2472; x_wconf 80' lang='lat' dir='ltr'><strong>foscis</strong></span> <span class='ocrx_word' id='word_1_157' title='bbox 1305 2397 1429 2475; x_wconf 85' lang='lat' dir='ltr'><strong>patriae</strong></span> 
     </span>
     <span class='ocr_line' id='line_1_21' title="bbox 308 2492 1467 2571; baseline 0.003 -20"><span class='ocrx_word' id='word_1_158' title='bbox 308 2499 396 2568; x_wconf 85' lang='lat' dir='ltr'><strong>utque</strong></span> <span class='ocrx_word' id='word_1_159' title='bbox 416 2492 472 2551; x_wconf 87' lang='lat' dir='ltr'><strong>otii</strong></span> <span class='ocrx_word' id='word_1_160' title='bbox 492 2492 665 2570; x_wconf 80' lang='lat' dir='ltr'><strong>cupidinem</strong></span> <span class='ocrx_word' id='word_1_161' title='bbox 686 2512 750 2553; x_wconf 82' lang='lat' dir='ltr'><strong>esse.</strong></span> <span class='ocrx_word' id='word_1_162' title='bbox 772 2492 807 2552; x_wconf 84' lang='lat' dir='ltr'><strong>Si</strong></span> <span class='ocrx_word' id='word_1_163' title='bbox 821 2512 905 2553; x_wconf 83' lang='lat' dir='ltr'><strong>acmo</strong></span> <span class='ocrx_word' id='word_1_164' title='bbox 920 2493 1081 2570; x_wconf 80' lang='lat' dir='ltr'><strong>obsisteret,</strong></span> <span class='ocrx_word' id='word_1_165' title='bbox 1103 2493 1262 2553; x_wconf 75' lang='lat' dir='ltr'><strong>innoxium</strong></span> <span class='ocrx_word' id='word_1_166' title='bbox 1276 2494 1335 2554; x_wconf 83' lang='lat' dir='ltr'><strong>iter</strong></span> <span class='ocrx_word' id='word_1_167' title='bbox 1345 2494 1427 2571; x_wconf 80' lang='lat' dir='ltr'><strong>fore:</strong></span> <span class='ocrx_word' id='word_1_168' title='bbox 1441 2501 1467 2555; x_wconf 72' lang='grc'><strong>20</strong></span> 
     </span>
     <span class='ocr_line' id='line_1_22' title="bbox 307 2590 1428 2670; baseline 0.004 -22"><span class='ocrx_word' id='word_1_169' title='bbox 307 2590 356 2649; x_wconf 78' lang='lat' dir='ltr'><strong>aia</strong></span> <span class='ocrx_word' id='word_1_170' title='bbox 383 2610 471 2649; x_wconf 74' lang='lat' dir='ltr'><strong>oraio</strong></span> <span class='ocrx_word' id='word_1_171' title='bbox 498 2598 669 2667; x_wconf 81' lang='lat' dir='ltr'><strong>occurrant,</strong></span> <span class='ocrx_word' id='word_1_172' title='bbox 693 2590 777 2667; x_wconf 79' lang='lat' dir='ltr'><strong>ferro</strong></span> <span class='ocrx_word' id='word_1_173' title='bbox 797 2592 880 2651; x_wconf 82' lang='lat' dir='ltr'><strong>uiam</strong></span> <span class='ocrx_word' id='word_1_174' title='bbox 901 2591 1081 2652; x_wconf 80' lang='lat' dir='ltr'><strong>inventuros.</strong></span> <span class='ocrx_word' id='word_1_175' title='bbox 1111 2591 1326 2653; x_wconf 86' lang='lat' dir='ltr'><strong>Cunctantem</strong></span> <span class='ocrx_word' id='word_1_176' title='bbox 1349 2593 1428 2670; x_wconf 91' lang='lat' dir='ltr'><strong>lega·</strong></span> 
     </span>
     <span class='ocr_line' id='line_1_23' title="bbox 308 2685 1428 2768; baseline 0.004 -23"><span class='ocrx_word' id='word_1_177' title='bbox 308 2690 377 2746; x_wconf 90' lang='lat' dir='ltr'><strong>tum</strong></span> <span class='ocrx_word' id='word_1_178' title='bbox 406 2687 525 2749; x_wconf 85' lang='lat' dir='ltr'><strong>milites</strong></span> <span class='ocrx_word' id='word_1_179' title='bbox 547 2688 769 2767; x_wconf 88' lang='lat' dir='ltr'><strong>perpulerant,</strong></span> <span class='ocrx_word' id='word_1_180' title='bbox 797 2688 962 2749; x_wconf 90' lang='lat' dir='ltr'><strong>fortunam</strong></span> <span class='ocrx_word' id='word_1_181' title='bbox 984 2689 1097 2767; x_wconf 91' lang='lat' dir='ltr'><strong>proelii</strong></span> <span class='ocrx_word' id='word_1_182' title='bbox 1118 2685 1326 2768; x_wconf 81' lang='lat' dir='ltr'><strong>experiretur.</strong></span> <span class='ocrx_word' id='word_1_183' title='bbox 1357 2690 1428 2750; x_wconf 87' lang='lat' dir='ltr'><strong>Tria</strong></span> 
     </span>
     <span class='ocr_line' id='line_1_24' title="bbox 307 2784 1426 2864; baseline 0.004 -21"><span class='ocrx_word' id='word_1_184' title='bbox 307 2784 398 2844; x_wconf 90' lang='lat' dir='ltr'><strong>milia</strong></span> <span class='ocrx_word' id='word_1_185' title='bbox 436 2784 683 2861; x_wconf 89' lang='lat' dir='ltr'><strong>legionariorum</strong></span> <span class='ocrx_word' id='word_1_186' title='bbox 722 2791 754 2846; x_wconf 89' lang='lat' dir='ltr'><strong>et</strong></span> <span class='ocrx_word' id='word_1_187' title='bbox 791 2787 1023 2847; x_wconf 88' lang='lat' dir='ltr'><strong>tumultuariae</strong></span> <span class='ocrx_word' id='word_1_188' title='bbox 1062 2786 1233 2864; x_wconf 89' lang='lat' dir='ltr'><strong>Belgarum</strong></span> <span class='ocrx_word' id='word_1_189' title='bbox 1265 2788 1426 2864; x_wconf 72' lang='lat' dir='ltr'><strong>cohorteS,</strong></span> 
     </span>
     <span class='ocr_line' id='line_1_25' title="bbox 308 2881 1426 2965; baseline 0.005 -25"><span class='ocrx_word' id='word_1_190' title='bbox 308 2881 405 2941; x_wconf 86' lang='lat' dir='ltr'><strong>simul</strong></span> <span class='ocrx_word' id='word_1_191' title='bbox 427 2901 626 2960; x_wconf 89' lang='lat' dir='ltr'><strong>paganorum</strong></span> <span class='ocrx_word' id='word_1_192' title='bbox 647 2883 852 2961; x_wconf 85' lang='lat' dir='ltr'><strong>lixarumque</strong></span> <span class='ocrx_word' id='word_1_193' title='bbox 875 2884 1007 2961; x_wconf 85' lang='lat' dir='ltr'><strong>ignava,</strong></span> <span class='ocrx_word' id='word_1_194' title='bbox 1032 2883 1089 2944; x_wconf 90' lang='lat' dir='ltr'><strong>sed</strong></span> <span class='ocrx_word' id='word_1_195' title='bbox 1110 2903 1229 2963; x_wconf 89' lang='lat' dir='ltr'><strong>procax</strong></span> <span class='ocrx_word' id='word_1_196' title='bbox 1252 2890 1327 2946; x_wconf 90' lang='lat' dir='ltr'><strong>ante</strong></span> <span class='ocrx_word' id='word_1_197' title='bbox 1349 2885 1426 2965; x_wconf 89' lang='lat' dir='ltr'><strong>peri-</strong></span> 
     </span>
     <span class='ocr_line' id='line_1_26' title="bbox 308 2979 1466 3061; baseline 0.004 -22"><span class='ocrx_word' id='word_1_198' title='bbox 308 2979 419 3039; x_wconf 92' lang='lat' dir='ltr'><strong>culum</strong></span> <span class='ocrx_word' id='word_1_199' title='bbox 440 2999 556 3040; x_wconf 89' lang='lat' dir='ltr'><strong>manus</strong></span> <span class='ocrx_word' id='word_1_200' title='bbox 578 2980 729 3041; x_wconf 89' lang='lat' dir='ltr'><strong>omnibus</strong></span> <span class='ocrx_word' id='word_1_201' title='bbox 750 2981 851 3059; x_wconf 89' lang='lat' dir='ltr'><strong>portis</strong></span> <span class='ocrx_word' id='word_1_202' title='bbox 873 2986 1047 3061; x_wconf 90' lang='lat' dir='ltr'><strong>rumpunt,</strong></span> <span class='ocrx_word' id='word_1_203' title='bbox 1074 2987 1111 3043; x_wconf 94' lang='lat' dir='ltr'><strong>ut</strong></span> <span class='ocrx_word' id='word_1_204' title='bbox 1131 2982 1271 3043; x_wconf 89' lang='lat' dir='ltr'><strong>Batavos</strong></span> <span class='ocrx_word' id='word_1_205' title='bbox 1293 3003 1425 3045; x_wconf 89' lang='lat' dir='ltr'><strong>numero</strong></span> <span class='ocrx_word' id='word_1_206' title='bbox 1440 2990 1466 3044; x_wconf 78' lang='lat' dir='ltr'><strong>a</strong></span> 
     </span>
     <span class='ocr_line' id='line_1_27' title="bbox 308 3069 1426 3155; baseline 0.005 -20"><span class='ocrx_word' id='word_1_207' title='bbox 308 3077 434 3155; x_wconf 88' lang='lat' dir='ltr'><strong>inpares</strong></span> <span class='ocrx_word' id='word_1_208' title='bbox 463 3078 733 3139; x_wconf 88' lang='lat' dir='ltr'><strong>circumfundant.</strong></span> <span class='ocrx_word' id='word_1_209' title='bbox 763 3079 817 3139; x_wconf 89' lang='lat' dir='ltr'><strong>Illi</strong></span> <span class='ocrx_word' id='word_1_210' title='bbox 845 3084 968 3140; x_wconf 88' lang='lat' dir='ltr'><strong>veteres</strong></span> <span class='ocrx_word' id='word_1_211' title='bbox 996 3072 1131 3141; x_wconf 84' lang='lat' dir='ltr'><strong>militiae</strong></span> <span class='ocrx_word' id='word_1_212' title='bbox 1158 3080 1193 3140; x_wconf 92' lang='lat' dir='ltr'><strong>in</strong></span> <span class='ocrx_word' id='word_1_213' title='bbox 1214 3100 1333 3142; x_wconf 89' lang='lat' dir='ltr'><strong>cuneos</strong></span> <span class='ocrx_word' id='word_1_214' title='bbox 1356 3069 1426 3143; x_wconf 88' lang='lat' dir='ltr'><strong>con·</strong></span> 
     </span>
     <span class='ocr_line' id='line_1_28' title="bbox 308 3176 1425 3257; baseline 0.006 -23"><span class='ocrx_word' id='word_1_215' title='bbox 308 3181 494 3253; x_wconf 89' lang='lat' dir='ltr'><strong>gregantur,</strong></span> <span class='ocrx_word' id='word_1_216' title='bbox 517 3176 608 3237; x_wconf 90' lang='lat' dir='ltr'><strong>densi</strong></span> <span class='ocrx_word' id='word_1_217' title='bbox 629 3177 774 3256; x_wconf 90' lang='lat' dir='ltr'><strong>undique</strong></span> <span class='ocrx_word' id='word_1_218' title='bbox 795 3183 827 3237; x_wconf 92' lang='lat' dir='ltr'><strong>et</strong></span> <span class='ocrx_word' id='word_1_219' title='bbox 848 3177 987 3238; x_wconf 89' lang='lat' dir='ltr'><strong>frontem</strong></span> <span class='ocrx_word' id='word_1_220' title='bbox 1008 3184 1160 3257; x_wconf 90' lang='lat' dir='ltr'><strong>tergaque</strong></span> <span class='ocrx_word' id='word_1_221' title='bbox 1181 3198 1218 3239; x_wconf 90' lang='lat' dir='ltr'><strong>ac</strong></span> <span class='ocrx_word' id='word_1_222' title='bbox 1239 3178 1326 3240; x_wconf 87' lang='lat' dir='ltr'><strong>latus</strong></span> <span class='ocrx_word' id='word_1_223' title='bbox 1348 3181 1425 3241; x_wconf 91' lang='lat' dir='ltr'><strong>tuti:</strong></span> 
     </span>
     <span class='ocr_line' id='line_1_29' title="bbox 307 3272 1425 3354; baseline 0.004 -23"><span class='ocrx_word' id='word_1_224' title='bbox 307 3272 352 3332; x_wconf 90' lang='lat' dir='ltr'><strong>sic</strong></span> <span class='ocrx_word' id='word_1_225' title='bbox 380 3277 511 3333; x_wconf 92' lang='lat' dir='ltr'><strong>tenuem</strong></span> <span class='ocrx_word' id='word_1_226' title='bbox 536 3278 718 3334; x_wconf 89' lang='lat' dir='ltr'><strong>nostrorum</strong></span> <span class='ocrx_word' id='word_1_227' title='bbox 741 3274 843 3334; x_wconf 89' lang='lat' dir='ltr'><strong>aciem</strong></span> <span class='ocrx_word' id='word_1_228' title='bbox 865 3274 1074 3353; x_wconf 86' lang='lat' dir='ltr'><strong>perfringunt.</strong></span> <span class='ocrx_word' id='word_1_229' title='bbox 1105 3274 1301 3337; x_wconf 87' lang='lat' dir='ltr'><strong>Cedentibus</strong></span> <span class='ocrx_word' id='word_1_230' title='bbox 1322 3276 1425 3354; x_wconf 90' lang='lat' dir='ltr'><strong>Belgis</strong></span> 
     </span>
     <span class='ocr_line' id='line_1_30' title="bbox 307 3370 1425 3452; baseline 0.004 -22"><span class='ocrx_word' id='word_1_231' title='bbox 307 3370 439 3449; x_wconf 91' lang='lat' dir='ltr'><strong>pellitur</strong></span> <span class='ocrx_word' id='word_1_232' title='bbox 469 3371 568 3447; x_wconf 87' lang='lat' dir='ltr'><strong>legio,</strong></span> <span class='ocrx_word' id='word_1_233' title='bbox 605 3376 636 3431; x_wconf 90' lang='lat' dir='ltr'><strong>et</strong></span> <span class='ocrx_word' id='word_1_234' title='bbox 668 3372 791 3432; x_wconf 91' lang='lat' dir='ltr'><strong>vallum</strong></span> <span class='ocrx_word' id='word_1_235' title='bbox 823 3378 996 3452; x_wconf 90' lang='lat' dir='ltr'><strong>portasque</strong></span> <span class='ocrx_word' id='word_1_236' title='bbox 1028 3372 1145 3452; x_wconf 89' lang='lat' dir='ltr'><strong>trepidi</strong></span> <span class='ocrx_word' id='word_1_237' title='bbox 1177 3372 1338 3452; x_wconf 90' lang='lat' dir='ltr'><strong>petebant.</strong></span> <span class='ocrx_word' id='word_1_238' title='bbox 1378 3374 1425 3435; x_wconf 91' lang='lat' dir='ltr'><strong>lbi</strong></span> 
     </span>
    </p>
   </div>
   <div class='ocr_carea' id='block_1_3' title="bbox 307 3594 1426 3945">
    <p class='ocr_par' dir='ltr' id='par_1_3' title="bbox 307 3594 1426 3945">
     <span class='ocr_line' id='line_1_31' title="bbox 342 3594 1425 3662; baseline 0.004 -17"><span class='ocrx_word' id='word_1_239' title='bbox 342 3595 366 3645; x_wconf 81' lang='lat'><strong>5.</strong></span> <span class='ocrx_word' id='word_1_240' title='bbox 392 3594 547 3644; x_wconf 85' lang='lat' dir='ltr'><strong>auxiliorum</strong></span> <span class='ocrx_word' id='word_1_241' title='bbox 570 3594 598 3644; x_wconf 84' lang='lat' dir='ltr'><strong>ia</strong></span> <span class='ocrx_word' id='word_1_242' title='bbox 623 3595 644 3644; x_wconf 99' lang='lat' dir='ltr'>F</span> <span class='ocrx_word' id='word_1_243' title='bbox 668 3596 798 3662; x_wconf 84' lang='lat' dir='ltr'><strong>repetitum</strong></span> <span class='ocrx_word' id='word_1_244' title='bbox 821 3615 876 3647; x_wconf 79' lang='lat' dir='ltr'><strong>mor</strong></span> <span class='ocrx_word' id='word_1_245' title='bbox 899 3597 1004 3647; x_wconf 78' lang='lat' dir='ltr'><strong>alterum</strong></span> <span class='ocrx_word' id='word_1_246' title='bbox 1027 3597 1134 3648; x_wconf 84' lang='lat' dir='ltr'><strong>deletum</strong></span> <span class='ocrx_word' id='word_1_247' title='bbox 1152 3604 1194 3649; x_wconf 80' lang='lat' dir='ltr'><strong>eat.</strong></span> <span class='ocrx_word' id='word_1_248' title='bbox 1222 3627 1254 3635; x_wconf 93' lang='lat'><em>-</em></span> <span class='ocrx_word' id='word_1_249' title='bbox 1274 3598 1299 3651; x_wconf 89' lang='grc'><strong>8.</strong></span> <span class='ocrx_word' id='word_1_250' title='bbox 1324 3600 1425 3651; x_wconf 90' lang='lat' dir='ltr'><strong>herren-</strong></span> 
     </span>
     <span class='ocr_line' id='line_1_32' title="bbox 307 3681 1426 3754; baseline 0.006 -24"><span class='ocrx_word' id='word_1_251' title='bbox 307 3681 350 3731; x_wconf 88' lang='lat' dir='ltr'><strong>nio</strong></span> <span class='ocrx_word' id='word_1_252' title='bbox 369 3682 399 3732; x_wconf 89' lang='lat' dir='ltr'><strong>F.</strong></span> <span class='ocrx_word' id='word_1_253' title='bbox 425 3714 458 3719; x_wconf 95' lang='lat'><strong>—</strong></span> <span class='ocrx_word' id='word_1_254' title='bbox 478 3683 502 3734; x_wconf 75' lang='lat' dir='ltr'><strong>t).</strong></span> <span class='ocrx_word' id='word_1_255' title='bbox 529 3682 595 3732; x_wconf 75' lang='lat' dir='ltr'><strong>bona</strong></span> <span class='ocrx_word' id='word_1_256' title='bbox 613 3684 683 3749; x_wconf 80' lang='lat' dir='ltr'><strong>Fcs.</strong></span> <span class='ocrx_word' id='word_1_257' title='bbox 706 3683 801 3737; x_wconf 73' lang='lat'>17120</span> <span class='ocrx_word' id='word_1_258' title='bbox 820 3692 843 3735; x_wconf 81' lang='lat' dir='ltr'><strong>et</strong></span> <span class='ocrx_word' id='word_1_259' title='bbox 864 3686 948 3738; x_wconf 62' lang='lat'>1694.</span> <span class='ocrx_word' id='word_1_260' title='bbox 975 3716 1008 3723; x_wconf 96' lang='lat'>—</span> <span class='ocrx_word' id='word_1_261' title='bbox 1030 3684 1070 3737; x_wconf 80' lang='lat'><strong>12.</strong></span> <span class='ocrx_word' id='word_1_262' title='bbox 1096 3686 1218 3753; x_wconf 81' lang='lat' dir='ltr'><strong>Inceptr&#39;rs</strong></span> <span class='ocrx_word' id='word_1_263' title='bbox 1238 3687 1260 3737; x_wconf 88' lang='lat' dir='ltr'>F</span> <span class='ocrx_word' id='word_1_264' title='bbox 1280 3689 1302 3754; x_wconf 88' lang='lat' dir='ltr'><strong>(s</strong></span> <span class='ocrx_word' id='word_1_265' title='bbox 1321 3689 1426 3739; x_wconf 71' lang='lat' dir='ltr'><strong>deletum</strong></span> 
     </span>
     <span class='ocr_line' id='line_1_33' title="bbox 307 3761 1426 3840; baseline 0.009 -22"><span class='ocrx_word' id='word_1_266' title='bbox 307 3770 359 3828; x_wconf 77' lang='lat' dir='ltr'><strong>est).</strong></span> <span class='ocrx_word' id='word_1_267' title='bbox 377 3761 418 3807; x_wconf 66' lang='lat'><strong>&#39;-</strong></span> <span class='ocrx_word' id='word_1_268' title='bbox 441 3772 480 3823; x_wconf 87' lang='lat'><strong>13.</strong></span> <span class='ocrx_word' id='word_1_269' title='bbox 506 3779 605 3822; x_wconf 85' lang='lat' dir='ltr'><strong>teneret</strong></span> <span class='ocrx_word' id='word_1_270' title='bbox 624 3772 706 3823; x_wconf 81' lang='lat' dir='ltr'><strong>Rhea.</strong></span> <span class='ocrx_word' id='word_1_271' title='bbox 733 3803 766 3810; x_wconf 96' lang='lat'>—</span> <span class='ocrx_word' id='word_1_272' title='bbox 788 3773 827 3826; x_wconf 77' lang='lat' dir='ltr'><strong>lb.</strong></span> <span class='ocrx_word' id='word_1_273' title='bbox 853 3775 1057 3840; x_wconf 87' lang='lat' dir='ltr'><strong>propinquarent</strong></span> <span class='ocrx_word' id='word_1_274' title='bbox 1078 3774 1119 3825; x_wconf 84' lang='lat' dir='ltr'><strong>Fl.</strong></span> <span class='ocrx_word' id='word_1_275' title='bbox 1146 3806 1179 3813; x_wconf 86' lang='lat'><em>-</em></span> <span class='ocrx_word' id='word_1_276' title='bbox 1200 3775 1240 3828; x_wconf 89' lang='grc'><strong>18.</strong></span> <span class='ocrx_word' id='word_1_277' title='bbox 1265 3776 1375 3828; x_wconf 85' lang='lat' dir='ltr'><strong>aduersu</strong></span> <span class='ocrx_word' id='word_1_278' title='bbox 1395 3775 1426 3828; x_wconf 84' lang='lat' dir='ltr'><strong>Fl</strong></span> 
     </span>
     <span class='ocr_line' id='line_1_34' title="bbox 307 3860 1424 3945; baseline 0.009 -37"><span class='ocrx_word' id='word_1_279' title='bbox 307 3860 428 3910; x_wconf 84' lang='lat' dir='ltr'><strong>aduersus</strong></span> <span class='ocrx_word' id='word_1_280' title='bbox 447 3860 489 3911; x_wconf 80' lang='lat' dir='ltr'><strong>F2.</strong></span> <span class='ocrx_word' id='word_1_281' title='bbox 514 3892 543 3897; x_wconf 94' lang='lat'><strong>--</strong></span> <span class='ocrx_word' id='word_1_282' title='bbox 563 3860 605 3911; x_wconf 79' lang='lat'><strong>21.</strong></span> <span class='ocrx_word' id='word_1_283' title='bbox 625 3871 754 3945; x_wconf 78' lang='lat' dir='ltr'><strong>occurant.</strong></span> <span class='ocrx_word' id='word_1_284' title='bbox 775 3892 808 3899; x_wconf 96' lang='lat'>—</span> <span class='ocrx_word' id='word_1_285' title='bbox 827 3871 917 3915; x_wconf 75' lang='lat' dir='ltr'><strong>cuncte</strong></span> <span class='ocrx_word' id='word_1_286' title='bbox 936 3865 965 3914; x_wconf 87' lang='lat' dir='ltr'><strong>F.</strong></span> <span class='ocrx_word' id='word_1_287' title='bbox 986 3894 1019 3901; x_wconf 96' lang='lat'>—</span> <span class='ocrx_word' id='word_1_288' title='bbox 1039 3862 1081 3915; x_wconf 68' lang='lat'><strong>2⁶2.</strong></span> <span class='ocrx_word' id='word_1_289' title='bbox 1101 3865 1268 3931; x_wconf 88' lang='lat' dir='ltr'><strong>perpulerant</strong></span> <span class='ocrx_word' id='word_1_290' title='bbox 1280 3863 1283 3935; x_wconf 70' lang='lat' dir='ltr'><strong>l</strong></span> <span class='ocrx_word' id='word_1_291' title='bbox 1295 3867 1331 3917; x_wconf 79' lang='lat' dir='ltr'><strong>cic</strong></span> <span class='ocrx_word' id='word_1_292' title='bbox 1344 3867 1375 3917; x_wconf 87' lang='lat' dir='ltr'><strong>F.</strong></span> <span class='ocrx_word' id='word_1_293' title='bbox 1397 3896 1424 3904; x_wconf 95' lang='lat'><em>-</em></span> 
     </span>
    </p>
   </div>
   <div class='ocr_carea' id='block_1_4' title="bbox 306 3952 1425 4213">
    <p class='ocr_par' dir='ltr' id='par_1_4' title="bbox 306 3952 1425 4213">
     <span class='ocr_line' id='line_1_35' title="bbox 306 3952 1424 4057; baseline 0.005 -24"><span class='ocrx_word' id='word_1_294' title='bbox 306 3982 348 4035; x_wconf 69' lang='lat'><strong>23.</strong></span> <span class='ocrx_word' id='word_1_295' title='bbox 378 3984 519 4048; x_wconf 81' lang='lat' dir='ltr'><strong>legioniarir</strong></span> <span class='ocrx_word' id='word_1_296' title='bbox 544 3984 586 4036; x_wconf 84' lang='lat' dir='ltr'><strong>F1.</strong></span> <span class='ocrx_word' id='word_1_297' title='bbox 616 4016 648 4023; x_wconf 94' lang='lat'><strong>—-</strong></span> <span class='ocrx_word' id='word_1_298' title='bbox 674 3952 805 4051; x_wconf 67' lang='lat' dir='ltr'><strong>belgiarum</strong></span> <span class='ocrx_word' id='word_1_299' title='bbox 830 3989 860 4039; x_wconf 87' lang='lat' dir='ltr'><strong>F.</strong></span> <span class='ocrx_word' id='word_1_300' title='bbox 892 4018 922 4025; x_wconf 92' lang='lat'>—</span> <span class='ocrx_word' id='word_1_301' title='bbox 948 3988 991 4041; x_wconf 73' lang='lat'><strong>25.</strong></span> <span class='ocrx_word' id='word_1_302' title='bbox 1020 3997 1146 4055; x_wconf 91' lang='lat' dir='ltr'><strong>rumpunt</strong></span> <span class='ocrx_word' id='word_1_303' title='bbox 1168 3989 1192 4040; x_wconf 87' lang='lat' dir='ltr'>F</span> <span class='ocrx_word' id='word_1_304' title='bbox 1213 3999 1356 4057; x_wconf 86' lang='lat' dir='ltr'><strong>erumpunt</strong></span> <span class='ocrx_word' id='word_1_305' title='bbox 1374 3990 1424 4042; x_wconf 82' lang='lat' dir='ltr'><strong>cdd.</strong></span> 
     </span>
     <span class='ocr_line' id='line_1_36' title="bbox 306 4073 1425 4145; baseline 0.01 -25"><span class='ocrx_word' id='word_1_306' title='bbox 306 4089 355 4136; x_wconf 83' lang='lat' dir='ltr'><strong>seq.</strong></span> <span class='ocrx_word' id='word_1_307' title='bbox 371 4080 544 4138; x_wconf 88' lang='lat' dir='ltr'><strong>prorumpunt</strong></span> <span class='ocrx_word' id='word_1_308' title='bbox 553 4073 649 4137; x_wconf 81' lang='lat' dir='ltr'><strong>Rittcr,</strong></span> <span class='ocrx_word' id='word_1_309' title='bbox 669 4074 762 4138; x_wconf 83' lang='lat' dir='ltr'><strong>Halm,</strong></span> <span class='ocrx_word' id='word_1_310' title='bbox 783 4077 826 4125; x_wconf 81' lang='lat' dir='ltr'><strong>scd</strong></span> <span class='ocrx_word' id='word_1_311' title='bbox 835 4077 864 4141; x_wconf 82' lang='lat' dir='ltr'><strong>cf.</strong></span> <span class='ocrx_word' id='word_1_312' title='bbox 876 4077 945 4127; x_wconf 83' lang='lat' dir='ltr'><strong>Anu.</strong></span> <span class='ocrx_word' id='word_1_313' title='bbox 956 4077 1015 4129; x_wconf 62' lang='lat'><strong>217</strong></span> <span class='ocrx_word' id='word_1_314' title='bbox 1027 4078 1071 4127; x_wconf 76' lang='lat' dir='ltr'><strong>abt</strong></span> <span class='ocrx_word' id='word_1_315' title='bbox 1081 4095 1173 4144; x_wconf 90' lang='lat' dir='ltr'><strong>rumpo</strong></span> <span class='ocrx_word' id='word_1_316' title='bbox 1185 4096 1214 4124; x_wconf 92' lang='lat'><strong><em>=</em></strong></span> <span class='ocrx_word' id='word_1_317' title='bbox 1225 4096 1374 4145; x_wconf 90' lang='lat' dir='ltr'><strong>perrumpo.</strong></span> <span class='ocrx_word' id='word_1_318' title='bbox 1395 4107 1425 4117; x_wconf 91' lang='lat'>-</span> 
     </span>
     <span class='ocr_line' id='line_1_37' title="bbox 307 4160 756 4213; baseline 0.007 -3"><span class='ocrx_word' id='word_1_319' title='bbox 307 4160 349 4210; x_wconf 72' lang='lat'><strong>27.</strong></span> <span class='ocrx_word' id='word_1_320' title='bbox 369 4161 491 4210; x_wconf 88' lang='lat' dir='ltr'><strong>lateribus</strong></span> <span class='ocrx_word' id='word_1_321' title='bbox 512 4160 540 4212; x_wconf 81' lang='lat' dir='ltr'><strong>O.</strong></span> <span class='ocrx_word' id='word_1_322' title='bbox 559 4162 598 4213; x_wconf 79' lang='lat' dir='ltr'><strong>M.</strong></span> <span class='ocrx_word' id='word_1_323' title='bbox 619 4162 756 4213; x_wconf 73' lang='lat' dir='ltr'><strong>Flurwlrea.</strong></span> 
     </span>
    </p>
   </div>
   <div class='ocr_carea' id='block_1_5' title="bbox 0 0 1710 4909">
    <p class='ocr_par' dir='ltr' id='par_1_5' title="bbox 0 0 1710 4909">
     <span class='ocr_line' id='line_1_38' title="bbox 0 0 1710 4909; baseline 0 0"><span class='ocrx_word' id='word_1_324' title='bbox 0 0 1710 4909; x_wconf 95' lang='lat' dir='ltr'><strong> </strong></span> 
     </span>
    </p>
   </div>
  </div>
 </body>
</html>
