3409 4909
293 484 318 532 p.
338 465 384 515 Oh.
406 420 451 529 76)
637 480 865 523 nrsromnsun
886 463 924 523 V.
948 464 1074 525 11-13.
1357 463 1413 525 221

292 650 454 730 templum
475 651 645 712 Eleazarus
666 651 866 729 firmaverat3
889 652 1100 713 multitudine
1118 657 1150 714 et
1164 652 1262 713 armis
1278 652 1415 712 Ioannes
1436 660 1443 675 “

293 769 331 822 ac
351 749 455 826 Simo,
478 749 648 810 Eleazarus
669 749 741 811 loco
762 749 915 829 pollebat.
938 749 1001 811 Sed
1021 750 1143 829 proelia
1158 749 1252 812 dolus
1266 748 1416 810 incendia

292 847 376 908 inter
403 847 506 926 ipsos,
536 852 567 908 et
588 866 706 925 magna
727 849 776 909 vis
798 848 952 909 frumenti
974 848 1133 910 ambusta.
1162 849 1242 909 Mox
1262 849 1414 924 Ioannes,

293 944 400 1005 missis
428 964 485 1024 per
511 945 651 1025 speciem
679 944 896 1021 sacrificandi,
925 945 981 1024 qui
1007 945 1195 1006 Eleazarum
1216 964 1415 1024 manumque

256 1043 361 1109 seius
392 1043 637 1120 obtruncarent,
675 1042 798 1122 templo
830 1043 961 1122 potitur.
1000 1042 1052 1103 lta
1082 1042 1118 1102 in
1148 1041 1229 1103 duas
1260 1042 1415 1103 factiones

294 1140 406 1201 civitas
441 1139 602 1217 discessit,
641 1140 742 1202 donec
779 1140 1075 1220 propinquantibus
1106 1140 1261 1201 Romanis
1291 1139 1415 1201 bellum

294 1242 464 1299 externum
485 1237 690 1299 concordiam
711 1244 846 1316 pareret.

334 1337 518 1397 Evenerant
539 1335 700 1414 prodigia,
730 1355 812 1413 quae
834 1355 938 1415 neque
959 1335 1073 1396 hostiis
1095 1354 1200 1414 neque
1221 1334 1304 1396 votis
1326 1335 1415 1413 piare
1431 1335 1468 1396 13

294 1433 342 1493 fas
370 1432 468 1495 habet
495 1452 571 1510 gens
600 1433 822 1511 superstitioni
850 1432 1006 1509 obnoxia,
1036 1431 1243 1509 religionibus
1271 1431 1414 1493 adversa.
1524 1492 1525 1495 ,

239 1544 275 1597 10
294 1530 390 1591 Visae
410 1550 468 1609 per
488 1530 613 1590 caelum
636 1549 822 1591 concurrere
844 1529 944 1606 acies,
966 1528 1134 1590 rutilantia
1155 1548 1245 1590 arma
1262 1533 1293 1590 et
1308 1528 1415 1591 subito

261 1617 263 1620 ¹
293 1628 430 1689 nubium
462 1628 534 1705 igne
566 1628 733 1689 conlucere
761 1626 931 1705 templum.
963 1628 1103 1706 Apertae
1131 1632 1261 1706 repente
1290 1626 1413 1687 delubri

293 1726 376 1787 fores
408 1731 439 1786 et
471 1725 582 1787 audita
613 1725 716 1787 maior
745 1725 891 1785 humana
919 1745 984 1786 vox
1012 1724 1164 1786 excedere
1193 1724 1284 1801 deos;
1317 1724 1416 1785 simul

292 1823 404 1901 ingens
426 1828 534 1884 motus
556 1823 791 1884 excedentium.
814 1822 904 1893 Quae
925 1823 1021 1902 pauci
1039 1823 1075 1882 in
1088 1826 1213 1884 metum
1226 1822 1413 1900 trahebant;

293 1921 442 2000 pluribus
467 1921 631 1999 persuasio
659 1920 763 1982 inerat
791 1920 934 2000 antiquis
956 1920 1158 1982 sacerdotum
1179 1920 1294 1982 litteris
1316 1920 1414 1982 conti·

239 2034 274 2085 15
293 2018 361 2079 neri
391 2037 427 2079 eo
455 2018 525 2097 ipso
553 2024 697 2098 tempore
718 2018 801 2095 fore,
829 2023 868 2078 ut
888 2017 1062 2079 valesceret
1082 2018 1195 2080 Oriens
1216 2018 1415 2098 profectique

293 2116 415 2178 Iudaea
444 2136 552 2177 rerum
584 2116 773 2195 potirentur.
805 2115 896 2186 Quae
927 2116 1078 2193 ambages
1109 2113 1347 2195 Vespasianum
1378 2136 1415 2177 ac

292 2215 404 2275 Titum
442 2214 660 2294 praedixerat3
699 2213 755 2275 sed
790 2213 903 2291 volgus
939 2233 1027 2275 more
1057 2213 1221 2275 humanae
1252 2214 1414 2293 cupidinis

293 2312 355 2373 sibi
382 2318 508 2373 tantam
536 2312 677 2373 fatorum
706 2310 964 2389 magnitudinem
989 2311 1190 2389 interpretati
1211 2331 1251 2373 ne
1273 2310 1414 2373 adversis

294 2410 425 2489 quidem
441 2410 483 2470 ad
497 2429 573 2471 vera
587 2409 807 2470 mutabantur.
829 2408 1077 2471 Multitudinem
1092 2409 1294 2471 obsessorum
1309 2410 1414 2470 omnis

239 2518 276 2574 20
293 2508 424 2583 aetalia,
445 2507 537 2568 virile
559 2526 596 2567 ac
617 2506 773 2567 muliebre
795 2524 901 2582 seona,
924 2510 1076 2567 sexcenta
1096 2506 1188 2565 milia
1209 2505 1307 2566 luisse
1328 2525 1415 2584 acce·

293 2606 411 2685 pimus.
432 2607 533 2665 Arma
554 2605 695 2681 cunctis,
717 2605 774 2683 qui
795 2603 877 2664 ferre
898 2608 1030 2681 possent
1037 2622 1044 2679 3
1067 2607 1099 2663 et
1119 2602 1227 2681 plures
1242 2622 1342 2681 quam
1356 2623 1414 2683 pro

292 2723 428 2764 numero
459 2702 630 2763 audebant.
666 2701 849 2763 Obstinatio
881 2700 958 2761 viris
990 2699 1184 2779 feminisque
1215 2720 1273 2779 par
1280 2720 1287 2777 3
1319 2720 1356 2761 ac
1387 2701 1414 2761 si

292 2801 462 2862 transferre
484 2800 575 2861 sedes
596 2804 802 2876 cogerentur·‚·
819 2798 922 2859 maior
943 2798 1029 2858 vitae
1050 2802 1156 2858 metus
1178 2817 1277 2877 qnam
1291 2799 1413 2859 mortis.

293 2900 388 2960 Hanc
426 2897 581 2959 adversus
619 2896 733 2963 urbem
766 2900 959 2975 gentemque
991 2895 1107 2956 Caesar
1136 2895 1244 2973 Titne,
1283 2895 1414 2975 quando

238 3009 273 3063 25
292 2997 422 3075 inpetus
450 3001 481 3057 et
509 2996 617 3057 subita
643 2994 721 3056 belli
748 2994 838 3055 locus
861 2994 1030 3071 abnueret,
1060 2992 1226 3071 aggeribus
1247 2994 1414 3074 vineisque

293 3098 413 3156 certare
433 3094 555 3155 statuit.
585 3091 784 3154 Dividuntur
804 3090 985 3169 legionibus
1006 3092 1135 3169 munia,
1160 3097 1192 3152 et
1213 3092 1303 3171 quies
1325 3112 1414 3170 proe-

293 3191 411 3252 liorum
432 3191 509 3268 fuit,
531 3190 632 3251 donec
654 3194 771 3250 cuncta
792 3188 1017 3268 expugnandis
1039 3188 1172 3250 urbibus
1186 3197 1311 3268 reperta
1326 3190 1414 3269 apud

294 3293 417 3357 veteres.
437 3294 494 3349 aut
514 3287 607 3349 novis
629 3287 765 3364 ingeniis
787 3292 995 3347 struerentur.

293 3524 442 3591 Bipondni,
462 3532 520 3575 lente
539 3525 605 3575 enim
622 3524 729 3591 Jorepto
748 3524 781 3575 B.
802 3526 824 3575 I.
844 3523 932 3578 2192
952 3532 976 3576 et
994 3524 1064 3577 4.9.3
1084 3525 1127 3576 boc
1146 3524 1414 3592 copnomeaodSc'mo-

292 3631 349 3665 nem
363 3614 478 3680 pertinet.

330 3757 353 3807 1.
374 3756 488 3806 alazarus
508 3756 545 3805 bia
562 3756 585 3806 F
605 3682 714 3805 aliiriyiii
728 3757 827 3806 tertium
845 3756 876 3806 F.
898 3786 929 3794 -
950 3757 974 3808 3.
994 3755 1099 3807 fruffitia
1118 3756 1193 3807 busta
1210 3757 1240 3807 F.
1262 3785 1294 3793 -
1310 3757 1350 3807 11.
1370 3774 1413 3808 ex-

294 3853 366 3912 perte
384 3846 407 3896 F
426 3845 480 3913 (aad
498 3861 530 3895 ex
549 3846 576 3894 in
594 3862 645 3894 rar.
664 3861 710 3895 scr.
729 3862 760 3894 m.
780 3842 808 3910 2)
826 3852 966 3909 exapertae
984 3844 1103 3895 Doederl.
1129 3874 1162 3882 -
1184 3845 1224 3896 17.
1250 3844 1414 3911 praedixerat

293 3944 322 4008 cs.
341 3944 412 3993 Aac.
433 3942 497 3992 XII.
518 3942 551 3994 63
571 3958 602 3992 ea
621 3941 735 4007 ambage.
762 3972 795 3979 —
817 3943 858 3993 18.
878 3940 1056 4007 magnitudine
1074 3926 1179 4005 intirtati
1198 3942 1229 3993 F.
1256 3973 1287 3979 —
1309 3943 1349 3995 ra.
1368 3944 1413 3995 ho-

293 4084 369 4136 minis
388 4085 418 4136 F.
439 4114 471 4121 -
491 4082 534 4138 20.
554 4100 626 4134 secus
644 4084 666 4133 F
685 4085 710 4149 (c
728 4084 757 4133 ia
775 4101 793 4133 x
811 4084 920 4133 mutauit
937 4102 969 4133 m.
989 4081 1024 4148 2).
1046 4113 1077 4121 -
1098 4082 1140 4136 25.
1160 4048 1254 4150 Inpetri
1273 4086 1296 4135 F
1314 4088 1338 4151 (s
1354 4085 1412 4135 add.

293 4191 325 4224 m.
344 4171 382 4238 2).
402 4204 436 4211 —
454 4171 497 4226 28.
518 4173 552 4223 ad
563 4173 640 4238 finem
658 4173 748 4239 capitia
766 4191 797 4223 m.
818 4172 834 4225 3
853 4172 881 4222 in
900 4190 947 4239 my.
967 4173 1114 4238 adscripsit:
1134 4172 1211 4224 deest.
1234 4206 1236 4209 -
