3409 4909
354 539 372 598 6
779 555 920 598 conanti
941 556 1052 598 racrrr
1173 585 1175 590 .
1323 541 1357 605 (a.
1378 557 1404 591 u.
1425 540 1478 593 821

353 724 520 785 retinentis
541 724 627 786 ultro
649 725 915 786 accendebantur.
938 724 1102 787 Inferioris
1125 724 1317 786 Germaniae
1334 725 1477 802 legiones

354 822 477 883 diutius
498 822 567 883 sine
589 823 750 884 consulari
772 822 876 900 fuere,
899 823 1000 884 donee
1015 823 1117 884 missu
1133 822 1254 884 Galbae
1268 824 1306 883 A.
1323 822 1476 884 Vitellius

354 921 477 998 aderat,
505 922 645 983 censoris
667 921 791 983 Vitellii
812 941 849 982 ae
871 926 919 982 ter
940 921 1081 983 consulis
1103 921 1204 981 filius:
1233 920 1267 981 id
1288 920 1366 980 satis
1388 921 1476 982 vide-

353 1018 457 1079 batur.
486 1020 527 1079 In
554 1019 740 1081 Britannico
768 1019 912 1080 exercitu
937 1018 1020 1079 nihil
1041 1019 1178 1079 irarum:
1206 1038 1273 1079 non
1294 1038 1371 1079 sane
1393 1018 1475 1079 aliae

354 1116 493 1201 legiones
528 1136 585 1197 per
616 1136 727 1178 omnes
761 1117 907 1179 civilium
938 1116 1098 1178 bellorum
1130 1122 1238 1178 motus
1269 1117 1505 1181 innocentiuso

354 1221 501 1293 egerunt,
536 1235 593 1276 seu
624 1216 701 1295 quia
732 1215 846 1295 procul
877 1221 908 1277 et
940 1216 1066 1277 Oceano
1097 1214 1236 1293 divisae,
1268 1234 1324 1276 seu
1356 1215 1472 1276 crebris

354 1312 614 1391 expeditionibus
637 1313 748 1374 doctae
766 1313 893 1376 hostem
908 1314 1017 1393 potius
1032 1313 1146 1374 odisse.
1169 1313 1267 1384 Quies
1282 1317 1314 1373 et
1328 1312 1480 1391 Illyrico,

353 1429 554 1489 quamquam
583 1411 706 1471 excitae
734 1400 1077 1488 aNeronelegiones,
1106 1410 1186 1471 dum
1206 1410 1241 1471 in
1262 1409 1358 1470 Italia
1381 1429 1473 1471 cunc·

353 1513 479 1586 tantur,
508 1509 696 1586 Verginium
726 1509 941 1586 legationibus
970 1509 1122 1570 adissent.
1151 1507 1213 1570 Sed
1234 1508 1338 1585 longis
1360 1508 1472 1587 spatiis

354 1604 482 1667 discreti
511 1606 686 1683 exercitus,
714 1606 803 1685 quod
828 1606 1077 1667 saluberrimum
1105 1611 1154 1667 est
1181 1605 1223 1666 ad
1244 1604 1473 1667 continendam
1492 1610 1527 1665 1(

302 1709 340 1769 10
354 1703 528 1765 militarem
549 1704 663 1773 fidem,
688 1724 747 1765 neo
769 1705 857 1765 vitiis
878 1724 938 1766 nec
959 1686 1090 1766 viribus
1103 1704 1330 1765 miscebantur.
1360 1704 1472 1765 Oriens

354 1801 460 1863 adhuc
487 1803 640 1863 inmotus.
669 1802 795 1882 Syriam
817 1809 849 1864 et
870 1807 1024 1882 quattuor
1045 1802 1184 1881 legiones
1206 1802 1372 1863 obtinebat
1393 1802 1473 1863 Lici·

353 1899 427 1959 nius
465 1900 653 1977 Mucianus,
691 1901 741 1961 vir
777 1900 927 1961 secundis
959 1900 1165 1979 adversisque
1196 1900 1289 1961 iuxta
1320 1899 1472 1960 famosus.

353 1996 499 2074 Insignes
528 1997 687 2058 amicitias
715 1998 842 2058 iuvenis
871 1997 1041 2058 ambitiose
1069 1996 1227 2073 coluerat,
1256 2016 1334 2057 mox
1355 1997 1473 2057 attritis

354 2093 486 2172 opibus,
514 2093 637 2155 lubrico
659 2092 762 2171 statU,
792 2100 942 2173 suspecta
963 2095 1060 2157 etiam
1082 2094 1210 2155 Claudii
1231 2093 1415 2171 iracundia,
1440 2095 1474 2154 in
1498 2098 1527 2152 15

353 2196 511 2252 secretum
542 2192 638 2253 Asiae
669 2193 828 2271 sepositus
860 2198 929 2253 tam
959 2212 1058 2272 prope
1090 2192 1130 2253 ab
1161 2191 1256 2253 exule
1284 2192 1346 2252 fuit
1374 2211 1474 2271 quam

354 2292 465 2367 postea
497 2311 516 2350 a
544 2290 697 2369 principe.
726 2290 871 2351 Luxuria
898 2290 1074 2368 industria,
1107 2290 1258 2351 comitate
1286 2288 1474 2367 adrogantia

353 2387 448 2447 malis
483 2386 642 2468 honisque
673 2388 796 2449 artibus
828 2389 960 2449 mixtus.
1000 2389 1128 2449 Nimiae
1159 2388 1359 2467 voluptateS,
1400 2407 1474 2448 cum

353 2491 498 2547 vacaret:
526 2487 675 2565 quotiens
704 2469 906 2565 expedierat,
935 2505 1070 2563 magnae
1098 2486 1243 2547 virtutes.
1272 2484 1385 2544 Palam
1407 2485 1474 2546 lau-

353 2582 460 2644 dares:
493 2588 613 2645 secreta
641 2583 725 2644 male
753 2582 937 2644 audiebant.
970 2582 1033 2643 Sed
1061 2581 1149 2661 apud
1178 2582 1354 2658 subiectos,
1386 2580 1474 2661 apud
1490 2594 1518 2649 20

353 2681 518 2759 proximos
527 2730 534 2759 ,
557 2681 645 2760 apud
660 2680 796 2759 collegas
811 2680 909 2742 variis
923 2680 1097 2742 illeorebris
1112 2686 1242 2760 potens,
1264 2685 1296 2741 et
1310 2680 1363 2740 cui
1379 2693 1476 2760 expe·
1525 2683 1527 2688 '

354 2777 453 2838 ditius
475 2779 572 2839 suerit
585 2778 709 2839 tradere
724 2778 899 2857 imperium
914 2796 1013 2856 quam
1028 2778 1180 2839 obtinere.
1202 2776 1331 2837 Bellum
1346 2777 1473 2838 Iudaei-

353 2894 429 2935 cum
450 2874 582 2935 Flavius
603 2876 821 2954 Vespasianus
843 2874 974 2953 (ducem
992 2894 1068 2935 eum
1083 2875 1166 2936 Nero
1181 2873 1355 2951 delegerat)
1369 2874 1473 2935 tribus

352 2972 532 3049 legionibus
560 2971 816 3033 administrabat.
845 2973 911 3033 Nec
939 2972 1137 3052 Vespasiano
1160 2972 1313 3033 adversus
1335 2972 1473 3032 Galbam

354 3074 468 3130 votum
497 3074 553 3130 aut
581 3069 726 3129 animus:
755 3070 877 3149 quippe
904 3070 1015 3131 Titum
1044 3070 1149 3130 filium
1171 3069 1212 3129 ad
1233 3068 1473 3130 venerationem
1492 3094 1525 3147 25

354 3166 544 3246 cultumque
565 3167 634 3229 eius
655 3168 802 3244 miserat,
825 3172 862 3228 ut
883 3187 942 3229 suo
963 3167 1033 3229 loco
1055 3167 1315 3228 memorabimus.
1339 3166 1474 3227 Occulta

353 3265 411 3325 t'ati
434 3271 465 3326 et
486 3265 620 3327 ostentis
642 3285 679 3326 ac
697 3266 858 3344 responsis
874 3265 1076 3327 destinatum
1087 3266 1286 3345 Vespasiano
1299 3264 1474 3343 liberisque

302 3363 422 3449 11eius
444 3364 618 3444 imperium
639 3370 713 3444 post
734 3364 899 3425 fortunam
922 3362 1126 3424 credidimus.
1148 3365 1333 3443 Aegyptum
1352 3363 1474 3441 copias-

354 3476 438 3541 que,
461 3462 580 3542 quibus
608 3466 821 3540 coarceretur,
850 3462 916 3523 iam
943 3462 1018 3523 inde
1044 3461 1159 3522 adiro
1181 3463 1328 3538 Augusto
1349 3460 1474 3539 equites

354 3560 493 3621 Romani
520 3560 668 3622 obtinent
694 3558 764 3621 loco
792 3579 919 3638 regum:
947 3560 993 3620 ita
1021 3559 1129 3621 visum
1150 3558 1316 3638 expedire,
1344 3558 1475 3637 provin·
1494 3584 1527 3639 30

354 3659 438 3718 ciam
465 3659 557 3719 aditu
586 3658 767 3735 difficilem,
796 3677 943 3719 annonae
971 3656 1160 3734 fecundam,
1189 3656 1415 3735 superstitione
1437 3675 1497 3731 ao

388 3888 412 3938 ἶ).
441 3903 518 3937 omne
544 3886 586 3937 Fl.
614 3917 646 3923 —
674 3886 698 3939 8.
727 3894 881 3937 cunctantur
908 3886 931 3937 F
958 3892 1094 3937 cunctatur
1121 3883 1231 3936 Classen.
1258 3914 1291 3921 —
1322 3884 1362 3935 14.
1388 3884 1475 3934 atteri-

352 3976 385 4025 tis
409 3974 451 4026 F1.
477 4006 511 4013 -
538 3976 578 4028 16.
604 3975 729 4042 sepositus
754 3976 891 4026 Acidaliae
915 3975 1042 4041 repositus
1060 3975 1090 4025 F.
1118 4003 1150 4011 —
1171 3972 1212 4025 19.
1240 3970 1303 4042 (se)
1324 3972 1475 4039 expedierat

352 4064 470 4131 Moduiq,
490 4064 581 4115 Ritter.
602 4092 635 4101 -
654 4064 697 4116 21.
717 4072 754 4115 set
772 4064 814 4115 cui
833 4063 946 4131 Madvig.
967 4094 1001 4101 -
1019 4061 1061 4114 22.
1082 4061 1156 4133 Iudpi
1175 4079 1233 4112 cum
1248 4060 1290 4112 1²1.
1312 4091 1343 4099 -
1358 4059 1400 4112 24.
1421 4077 1475 4111 am-

352 4152 521 4204 ministrabat.
542 4183 576 4190 -
595 4151 637 4206 26.
657 4170 703 4204 suo
722 4154 777 4204 loco
795 4171 827 4204 sc.
848 4153 868 4221 l.
884 4153 920 4203 ΙΙ.
942 4154 965 4202 1.
987 4152 1137 4203 -occulta
1156 4152 1211 4217 lege
1229 4151 1275 4201 fati
1293 4150 1347 4201 cdd.
1361 4150 1418 4200 dett.
1440 4180 1474 4188 -

353 4243 395 4295 31.
414 4241 525 4293 difficile.
546 4272 579 4279 —
598 4242 792 4308 superationem.
