3409 4909
868 438 927 497 242

300 628 304 634 ”
378 624 550 703 Inscriptio
578 624 719 700 Fulginii
747 625 780 684 in
810 624 946 684 Umbria
973 625 1116 685 inuenta.
1151 625 1336 685 WIlmanns
1368 627 1468 703 1148,

338 720 424 780 Orell
445 720 520 797 773,
543 721 660 781 Gruter
680 720 767 781 403.1
790 720 848 781 Cn.
872 721 1015 781 Domitio
1037 720 1109 782 Sex.
1129 721 1150 781 f.
1168 722 1236 782 Vel.
1256 722 1260 801 Ι
1279 722 1360 783 Afro
1377 724 1469 784 Titio

338 817 489 878 Marcello
507 817 513 897 Ι
531 818 659 879 Curvio.
682 819 812 879 lucano
831 819 835 898 Ι
855 837 917 879 cos.
940 837 1061 897 procos.
1084 820 1268 897 provinciae
1291 819 1427 881 Africae
1447 823 1451 901 Ι

337 915 440 990 legato
461 913 606 974 eiusdem
624 916 809 993 provinciae
824 915 899 976 Tuli
918 924 921 994 Ι
941 917 994 993 (=
1008 914 1110 992 Tulli)
1126 915 1231 977 fratris
1246 917 1305 976 sui.
1322 925 1468 995 septem-

336 1013 416 1073 uiro.
438 1013 626 1091 epulonum.
648 1012 808 1091 praetorio
829 1012 934 1089 legato
956 1004 1141 1092 provinciae
1164 1013 1220 1074 Afr
1237 1015 1243 1095 Ι
1260 1014 1346 1093 Imp.
1372 1016 1466 1076 Caes.

336 1111 418 1186 Aug.
439 1110 537 1189 praes.
560 1110 758 1171 auxiliorum
772 1112 920 1172 omnium
938 1112 944 1191 Ι
962 1110 1117 1172 aduersus
1133 1113 1320 1173 Germanos
1338 1112 1467 1174 donato

336 1206 377 1265 ab
396 1206 400 1286 Ι
419 1206 502 1285 Imp.
530 1208 728 1286 Vespasiano
756 1210 838 1287 Aug.
868 1215 900 1270 et
927 1210 962 1269 T.
992 1209 1117 1269 Caesar.
1145 1212 1225 1287 Aug.
1249 1210 1269 1269 f.
1292 1212 1449 1289 coronis!

336 1303 454 1363 murali
483 1304 599 1366 vallari
630 1306 735 1365 aureis
765 1306 868 1367 hastis
898 1307 987 1385 puris
1015 1295 1069 1366 III
1087 1307 1092 1387 Ι
1111 1305 1238 1367 vexillis
1266 1295 1302 1365 'H
1333 1306 1467 1368 adlecto

335 1401 419 1461 inter
439 1402 600 1480 patrinos.
618 1404 758 1480 praetori
776 1404 781 1481 Ι
799 1409 837 1463 tr.
852 1404 896 1482 pl.
915 1408 1036 1481 quaest.
1052 1409 1257 1483 propraetore
1272 1406 1467 1483 provinciae

336 1498 424 1558 Afric
443 1500 447 1579 Ι
465 1500 537 1559 trib.
571 1500 637 1560 mil.
669 1500 727 1577 leg.
762 1491 798 1560 V.
828 1500 983 1561 Alaudae.
1013 1490 1066 1562 1‘11'
1093 1502 1153 1562 uir.
1182 1502 1309 1562 viarum
1337 1503 1466 1562 curand

335 1602 472 1673 patrono
491 1596 494 1676 Ι
513 1598 637 1674 optimo
655 1598 659 1677 Ι
678 1596 708 1657 d.
731 1598 761 1658 d.

375 1693 535 1771 Expeditae
558 1693 739 1754 Germanico
759 1714 820 1755 non
843 1697 929 1757 rsideo
950 1716 1025 1774 quae
1046 1697 1111 1757 ulio
1130 1698 1224 1774 possit
1246 1716 1318 1773 esse,
1345 1698 1412 1757 uisi
1434 1718 1465 1757 c.

335 1791 425 1867 70171
436 1811 443 1865 ;
465 1793 492 1850 A
493 1790 543 1867 ser
563 1792 598 1851 iu
615 1791 808 1869 praefectura
828 1794 993 1855 successisse
1013 1794 1135 1854 uidetur
1153 1792 1238 1852 Tullo
1248 1791 1349 1868 fratri
1364 1813 1395 1852 o.
1414 1794 1464 1854 71.

336 1887 529 1948 Wilmanns
572 1889 676 1948 Tollen
712 1898 813 1950 ouum
845 1896 947 1973 freter
983 1891 1019 1950 iu
1055 1892 1142 1951 titulo
1175 1889 1308 1967 sequenti
1348 1891 1464 1967 (1149)

336 1986 448 2045 dicitur
475 1986 564 2045 item:
593 1986 690 2064 praef.
720 1987 918 2047 auxiliorum
947 1988 1094 2048 omnium
1112 1987 1117 2067 Ι
1135 1986 1298 2049 adversus.
1327 1986 1466 2048 Germa-

335 2103 393 2143 nos
425 2084 491 2162 qui.
523 2104 597 2143 cum
625 2091 715 2146 esset.
745 2086 779 2145 in
808 2085 982 2149 Germania
1000 2085 1005 2166 Ι
1023 2083 1224 2145 candidatus.
1255 2084 1382 2144 Caesar.
1416 2106 1464 2163 pr.

335 2180 431 2260 desig.
466 2183 583 2242 missus
618 2188 674 2243 est.
703 2182 744 2243 ab
763 2183 767 2263 Ι
787 2183 870 2261 lmp.
901 2182 1098 2261 Vespasiano
1127 2184 1207 2257 Aug.
1237 2181 1371 2257 legatus.
1404 2202 1466 2260 pro

335 2284 488 2357 praetore.
510 2280 551 2339 ad
570 2282 575 2360 Ι
593 2281 781 2357 exercitum.
800 2281 865 2359 qui.
881 2286 937 2340 est.
953 2281 987 2340 ln
1003 2279 1120 2339 Africa.
1136 2284 1175 2339 et.
1192 2297 1318 2357 apsens.
1334 2279 1423 2339 inter
1442 2280 1446 2359 Ι

336 2380 519 2456 praetorios.
541 2379 669 2439 relatus,

238 2792 240 2797 .
375 2745 546 2823 Inscriptio
578 2745 712 2805 inuenta
745 2763 844 2822 prope
876 2741 1079 2804 Leovardum
1113 2742 1232 2801 Frisiae
1260 2741 1299 2801 cf.
1330 2741 1391 2801 Ph.
1424 2744 1463 2803 U.

335 2843 531 2904 Boissevain.
554 2843 765 2920 Mnemosyne
787 2841 876 2901 XVI.
901 2841 1009 2918 (1888)
1030 2861 1061 2919 p.
1084 2840 1152 2900 439.

681 2999 683 3003 .
715 2940 810 2998 Deae.
833 2937 1076 3014 HLVDANAE

783 3035 1002 3097 Conductores

739 3134 884 3193 Piscatus
906 3134 1052 3211 mancipe

696 3232 732 3302 Q.
755 3231 957 3292 VALERIO.
980 3231 1087 3291 SECV

726 3329 822 3390 NDO.
848 3330 884 3388 V.
906 3328 936 3389 8.
959 3330 992 3388 L.
1016 3329 1058 3388 M.
