3409 4909
342 468 401 529 226
770 486 911 528 connsnr
933 485 1044 528 vacrrr
1179 489 1185 496 ·
1313 472 1348 535 (a.
1369 488 1394 521 u.
1415 468 1468 523 823

342 653 499 733 adpulsae
529 654 643 716 lintres
674 673 798 715 vexere.
831 655 879 715 Ne
909 661 981 716 tum
1013 654 1146 733 quidem
1178 654 1326 715 Romana
1357 653 1470 715 classis

342 772 469 832 pugnae
491 751 612 830 adfuit3
634 758 666 813 et
687 753 812 813 iussum
835 758 918 830 erat,
940 751 997 814 sed
1018 752 1144 814 obstitit
1164 752 1303 813 formido
1326 758 1357 813 et
1376 751 1472 812 remi-

342 870 395 927 ges
423 870 480 930 per
508 850 573 912 alia
602 850 737 911 militiae
765 851 879 911 munia
906 850 1051 930 dispersi.
1080 850 1163 911 Sane
1191 850 1324 911 Cerialis
1351 870 1473 929 parum

342 948 497 1027 temporis
519 948 560 1008 ad
581 947 771 1026 exequenda
791 948 916 1027 inperia
937 948 1052 1025 dabat,
1081 948 1208 1009 subitus
1229 948 1390 1024 consiliis,
1413 947 1473 1008 sed

343 1051 461 1107 eventu
487 1046 608 1107 clarus:
637 1046 748 1108 aderat
775 1046 922 1126 fortuna,
951 1048 1049 1109 etiam
1077 1047 1133 1108 ubi
1161 1052 1244 1109 artes
1272 1047 1507 1123 defuissent35

342 1143 419 1204 hinc
440 1144 503 1222 ipsi
524 1144 745 1223 exercituique
767 1145 873 1206 minor
894 1165 971 1206 eura
992 1145 1192 1225 disciplinae.

383 1239 425 1301 Et
456 1260 577 1319 paucos
608 1247 681 1320 post
712 1240 796 1317 dice,
827 1261 1029 1321 quamquam
1060 1242 1241 1322 periculum
1269 1242 1475 1321 captivitatis

290 1339 329 1399 22
344 1338 512 1415 evasisset,
540 1338 709 1400 infamiam
735 1357 801 1400 non
823 1339 949 1402 vitavit.
978 1340 1145 1401 Profectus
1166 1340 1364 1401 Novaesium
1386 1342 1475 1401 Bon-

274 1486 277 1491 .
343 1455 484 1513 namque
525 1435 567 1497 ad
608 1436 743 1498 visenda
781 1442 901 1514 castra,
943 1456 1026 1517 quae
1061 1437 1252 1497 hiematuris
1286 1437 1475 1514 legionibus

343 1534 561 1611 erigebantur,
590 1534 727 1596 navibus
756 1535 936 1612 remeabat,
965 1534 1098 1595 disiecto
1126 1534 1269 1611 agmine,
1298 1534 1475 1596 incuriosis
1493 1545 1521 1599 10

343 1631 470 1709 vigiliis.
492 1631 765 1694 Animadversum
787 1631 821 1692 id
843 1631 1029 1708 Germanis,
1051 1637 1083 1693 et
1103 1631 1238 1692 insidias
1260 1649 1473 1710 conposuere.

344 1729 455 1792 Electa
481 1748 548 1791 nox
569 1736 639 1792 atra
661 1730 820 1807 nubibus3
849 1735 881 1791 et
901 1750 1004 1810 prono
1026 1750 1120 1791 amne
1141 1730 1226 1809 rapti
1247 1729 1339 1790 nullo
1361 1730 1470 1809 prohi-

343 1827 438 1888 bente
476 1827 601 1889 vallum
640 1828 762 1889 ineunt.
802 1828 911 1888 Prima
943 1827 1055 1889 caedes
1087 1833 1160 1888 astu
1191 1826 1317 1888 adiuta:
1359 1828 1474 1889 incisis

342 1924 624 1985 tabernaculorum
647 1924 796 2003 funibus,
818 1924 954 1986 suismet
974 1925 1120 1986 tentoriis
1142 1930 1307 2005 coopertos
1328 1925 1475 1987 trucida·

343 2021 437 2098 bant,
466 2021 556 2082 aliud
583 2041 699 2099 agmen
719 2021 848 2084 turbare
871 2022 1025 2100 classem,
1051 2022 1169 2083 inicere
1190 2021 1319 2097 vincla,
1342 2022 1474 2084 trahere
1492 2034 1517 2087 u

343 2120 478 2199 puppis;
507 2125 608 2198 utque
629 2120 671 2180 ad
691 2120 873 2181 fallendum
895 2120 1040 2197 silentio,
1065 2120 1111 2181 ita
1133 2125 1247 2198 coepta
1268 2119 1382 2196 caede,
1407 2140 1473 2200 quo

343 2218 418 2296 plus
439 2218 567 2279 terroris
584 2217 754 2294 adderent,
777 2223 894 2279 cuncta
908 2218 1102 2279 clamoribus
1118 2218 1305 2278 miscebant.
1329 2218 1473 2280 Romani

344 2314 529 2376 volneribus
566 2316 663 2377 exciti
695 2322 855 2395 quaerunt
886 2336 992 2395 arma,
1031 2320 1130 2377 ruunt
1161 2335 1218 2395 per
1248 2316 1334 2391 vias,
1373 2317 1472 2395 pauci

344 2419 460 2474 ornatu
481 2413 631 2491 militari,
653 2414 798 2494 plerique
819 2416 941 2475 circum
954 2414 1088 2475 brachia
1102 2419 1186 2476 torta
1201 2419 1288 2475 veste
1303 2419 1335 2475 et
1349 2415 1471 2476 strictis

345 2512 562 2572 mucronibus.
592 2513 669 2572 Dux
695 2513 910 2574 semisomnus
932 2532 968 2573 ac
990 2531 1089 2592 prope
1110 2512 1249 2572 intectus
1271 2531 1376 2573 errore
1399 2512 1472 2573 hos·
1487 2521 1517 2576 20

343 2610 427 2669 tium
449 2615 603 2671 servatur.
626 2611 774 2689 Namque
795 2611 989 2690 praetoriam
1012 2630 1126 2671 navem
1151 2608 1270 2671 vexillo
1291 2610 1471 2688 insignem,

344 2707 411 2768 illic
439 2707 554 2769 ducem
583 2708 660 2786 rati,
689 2708 870 2787 abripiunt:
900 2707 1032 2769 Cerialis
1061 2706 1139 2767 alibi
1167 2709 1287 2786 <quarn
1308 2708 1362 2784 in>
1387 2726 1472 2769 naue

343 2811 464 2883 egerat,
486 2813 524 2868 ut
544 2806 690 2886 plerique
712 2805 888 2881 credidere,
911 2806 952 2867 ob
967 2811 1117 2883 stuprum
1133 2804 1287 2865 Claudiae
1302 2805 1470 2884 Sacratae,

344 2903 488 2964 mulieris
522 2904 631 2965 Ubiae.
664 2905 705 2964 Et
737 2903 849 2980 vigiles
879 2903 1039 2980 flagitium
1069 2921 1165 2963 suum
1193 2901 1284 2962 ducis
1313 2901 1472 2965 dedecore

343 3002 558 3076 excusabant,
587 3007 754 3081 tamquam
783 3001 863 3062 iussi
891 3000 998 3077 silere,
1030 3019 1071 3060 ne
1100 3000 1241 3077 quietem
1269 2999 1338 3061 eius
1360 3001 1472 3062 turba·
1487 3011 1514 3065 25

343 3105 429 3176 rent,
458 3098 505 3159 ita
530 3099 712 3159 intermisso
734 3098 825 3174 signo
846 3103 879 3160 et
900 3098 1032 3159 vocibus
1053 3118 1086 3159 se
1108 3117 1238 3178 quoque
1259 3098 1293 3157 in
1315 3117 1470 3161 somnum

343 3197 460 3275 lapsos.
472 3196 588 3270 ,Multa
601 3196 674 3257 luce
688 3197 806 3257 revecti
822 3195 930 3257 hostes
945 3196 1081 3274 captivis
1096 3196 1250 3273 navibus,
1272 3198 1470 3275 praetoriam

343 3295 506 3356 triremem
528 3293 663 3355 flumine
685 3294 789 3372 Lupia
811 3293 934 3355 donum
955 3293 1094 3354 Veledae
1115 3299 1250 3355 traxere.

291 3395 329 3455 23
384 3391 521 3454 Civilem
543 3390 661 3470 cupido
682 3391 754 3452 inde
777 3411 909 3451 erumnae
929 3392 1059 3453 incessit
1080 3391 1229 3452 navalem
1247 3390 1347 3451 aciem
1366 3398 1472 3454 osten-

382 3650 404 3700 1.
433 3657 601 3701 transvorare
623 3649 706 3700 Halia
731 3666 841 3700 avexere
869 3649 996 3699 Heraeus.
1028 3680 1059 3686 —
1081 3649 1105 3700 2.
1135 3657 1161 3700 et
1179 3649 1202 3699 F
1221 3657 1249 3699 ut
1268 3650 1306 3700 ecl.
1323 3650 1407 3715 prino.
1439 3680 1472 3687 —

343 3739 368 3788 4.
389 3738 534 3804 exequendi
553 3739 583 3789 F.
605 3768 637 3776 -
657 3738 681 3790 8.
701 3738 806 3805 uitauit]
826 3738 938 3789 mutauit
956 3738 986 3788 F.
1007 3769 1040 3775 —
1059 3738 1157 3804 bonaq3
1180 3739 1210 3789 F.
1231 3769 1264 3776 —
1286 3738 1325 3789 14.
1346 3738 1399 3789 suis
1420 3747 1473 3808 met

344 3827 424 3878 toriis.
452 3857 484 3865 -
507 3829 547 3879 Π.
573 3827 687 3878 romanis
706 3827 736 3877 F.
767 3857 797 3865 -
821 3826 861 3879 18.
887 3826 952 3893 quei
970 3828 1000 3878 F.
1022 3857 1055 3864 —
1077 3827 1117 3879 19.
1137 3828 1222 3878 ornati
1241 3828 1271 3878 F.
1294 3857 1326 3864 -
1345 3825 1389 3877 22.
1411 3828 1473 3878 alibi

347 3915 443 3982 <quani
462 3917 509 3985 in>
529 3916 704 3983 massenpret
723 3916 784 3966 alibi
802 3933 869 3967 naue
888 3917 910 3967 F
929 3916 989 3967 alibi
1008 3924 1109 3968 noctem
1127 3917 1182 3967 edd.
1202 3935 1252 3983 aeq.
1278 3946 1310 3953 —
1329 3914 1374 3967 ⁶24.
1394 3916 1474 3968 ubiae

344 4005 426 4056 Rlen.
462 4005 533 4056 ubie
551 4004 592 4055 ΡΙ.
620 4033 652 4041 -
672 4003 715 4056 27.
741 4006 825 4055 lucere
845 4005 912 4055 ueeti
930 4005 959 4055 F.
988 4034 1020 4042 —
1040 4003 1083 4056 28.
1108 4005 1202 4071 Lupia]
1223 4004 1299 4071 Inpia
1317 4005 1340 4055 F
1361 4006 1425 4069 (aed.
1445 4023 1473 4056 ea

345 4094 415 4158 lupia
440 4096 522 4156 cora).
550 4123 582 4131 -
607 4092 650 4144 25).
676 4093 736 4144 inde
766 4111 878 4144 uaesana
902 4093 1004 4145 incessit
1029 4093 1119 4159 scripsi
1136 4093 1225 4144 lnuasi
1246 4093 1349 4145 incessit
1368 4093 1390 4143 F
1411 4094 1474 4145 inde

344 4183 445 4234 incessit
464 4182 557 4233 Heius.
