3409 4909
283 490 310 538 p.
331 472 379 523 ch.
400 474 445 537 ot)
633 457 861 533 msrosnarn
882 473 908 533 I.
930 472 1058 532 44-48.
1368 474 1406 535 25

283 676 391 743 neque
416 656 550 719 modum
572 658 677 719 oneris
699 659 874 738 quisquam
894 678 999 739 neque
1020 678 1120 736 genus
1141 665 1294 739 quaestus
1316 661 1406 739 pensi

283 754 443 817 habebat:
471 775 528 835 per
555 756 724 818 latrocinia
752 766 784 818 et
811 763 923 836 raptus
952 763 1008 818 aut
1029 758 1198 819 servilibus
1220 758 1406 818 ministeriis

285 853 428 914 militare
460 855 564 916 otium
597 854 808 916 redimebant.
844 856 929 916 Tum
963 856 1235 935 locupletissimus
1271 857 1407 936 quisque

284 951 381 1012 miles
408 951 516 1013 labore
541 973 578 1013 sc
599 953 735 1015 saevitia
755 953 898 1031 fatigari,
926 953 1028 1015 donec
1049 955 1252 1015 vacationem
1273 958 1407 1015 emeret:

248 1048 345 1112 aubi
365 1050 550 1128 sumptibus
571 1051 749 1112 exhaustus
771 1052 917 1113 socordia
937 1053 1069 1131 insuper
1089 1052 1291 1130 elanguerat,
1313 1053 1407 1131 inops

284 1167 346 1225 pro
373 1146 533 1226 locuplete
561 1153 593 1209 et
619 1149 705 1210 iners
733 1169 792 1228 pro
820 1156 951 1212 strenuo
978 1151 1013 1212 in
1037 1151 1244 1231 manipulum
1265 1150 1391 1212 redibat
1398 1170 1405 1225 ;

285 1264 324 1305 ac
351 1264 462 1306 rursus
490 1245 573 1306 alius
601 1252 698 1326 atque
726 1248 809 1309 alius
838 1248 951 1309 eadem
972 1255 1110 1326 egestate
1133 1268 1170 1309 ac
1190 1247 1321 1310 licentia
1343 1268 1408 1308 cor-

285 1343 376 1422 rupti
397 1344 440 1404 ad
460 1343 633 1406 seditiones
654 1350 686 1407 et
707 1344 883 1407 discordias
901 1351 933 1408 et
947 1345 989 1407 ad
1004 1352 1185 1407 extremum
1200 1346 1285 1407 bella
1300 1345 1408 1407 civilia

285 1440 433 1502 ruebant.
462 1442 524 1503 Sed
546 1442 647 1519 Otho,
676 1462 716 1504 ne
738 1443 825 1522 volgi
844 1443 1014 1521 largitione
1035 1444 1261 1505 centurionum
1283 1444 1408 1505 animos

233 1549 267 1601 10
285 1545 461 1618 averteret,
486 1540 601 1601 fiscum
621 1560 718 1602 suum
738 1542 924 1603 vacationes
946 1561 1070 1603 annuas
1092 1544 1316 1604 exsolutorum
1337 1560 1408 1621 pro-

285 1638 393 1716 misit,
415 1657 481 1699 rem
504 1638 592 1699 haud
614 1637 712 1700 dubie
733 1639 848 1701 utilem
869 1646 901 1701 et
922 1640 1054 1701 abonis
1075 1645 1187 1719 postea
1208 1640 1408 1720 principibus

286 1736 503 1815 perpetuitate
524 1737 714 1817 disciplinae
730 1738 901 1799 firmatam.
924 1740 1008 1800 Laco
1023 1739 1218 1817 praefectus,
1239 1744 1408 1817 tamquam

286 1835 322 1895 in
349 1834 493 1895 insulam
521 1841 743 1915 seponeretur,
772 1837 967 1913 <servatus>,
995 1836 1036 1897 ab
1064 1843 1212 1914 evocate,
1241 1856 1338 1915 quem
1367 1835 1409 1896 ad

248 1936 254 1945 ‘
287 1932 421 1993 caedem
452 1933 520 1994 eius
552 1934 638 1995 Otho
669 1934 894 2012 praemiserat,
926 1930 1107 2011 confossus]
1140 1934 1174 1996 in
1207 1934 1407 1995 Marcianum

235 2040 267 2089 15
288 2030 414 2091 Icelum
434 2036 473 2092 ut
493 2032 526 2092 in
548 2031 700 2093 libertum
722 2032 832 2111 palam
854 2032 1125 2094 animadversum.

329 2128 454 2188 Exacto
481 2148 538 2207 per
561 2130 680 2190 scelera
701 2129 753 2190 die
774 2130 990 2190 novissimum
1010 2130 1172 2191 malorum
1194 2129 1256 2190 fuit
1277 2129 1408 2191 laetitia.
1422 2131 1461 2193 47

290 2226 393 2285 Vocat
414 2234 563 2286 senatum
584 2232 711 2306 praetor
732 2227 892 2303 urbanus;
914 2233 1037 2288 certant
1057 2227 1299 2288 adulationibus
1314 2226 1410 2287 ceteri

287 2322 506 2399 magistratus.
534 2323 722 2385 Adcurrunt
742 2331 865 2404 patres;
889 2324 1070 2386 decernitur
1091 2326 1212 2388 Othoni
1234 2324 1407 2386 tribunicia

287 2424 432 2500 potestas
463 2426 495 2481 et
526 2439 644 2482 nomen
675 2423 815 2499 Augusti
844 2428 876 2483 et
903 2442 1015 2483 omnes
1043 2424 1227 2502 principum
1255 2423 1409 2499 honoreS,

233 2527 268 2581 20
287 2517 511 2578 adnitentibus
539 2519 664 2579 cunctis
693 2519 820 2581 abolere
848 2520 995 2581 convicia
1016 2540 1052 2581 ac
1074 2520 1206 2599 probra,
1235 2540 1316 2599 quae
1338 2538 1408 2599 pro-

287 2616 388 2676 misce
409 2615 494 2676 iacta
515 2615 655 2677 haesisse
676 2618 785 2679 animo
807 2618 875 2679 eius
891 2638 987 2679 nemo
1002 2618 1116 2679 sensit:
1139 2619 1298 2679 omisisset
1312 2618 1410 2678 offen·

288 2732 340 2773 sas
372 2733 415 2774 an
443 2713 635 2792 distulisset,
667 2715 824 2777 brevitate
852 2716 980 2795 imperii
1008 2715 1043 2775 in
1070 2716 1191 2776 incerto
1219 2714 1290 2775 fuit.
1323 2714 1409 2776 Otho

288 2817 423 2873 cruento
454 2810 561 2873 adhuc
593 2812 662 2874 foro
694 2832 750 2891 per
780 2820 919 2891 stragem
946 2814 1122 2875 iacentium
1149 2814 1183 2873 in
1212 2813 1410 2892 Capitolium

289 2916 387 2989 atque
415 2909 491 2971 inde
518 2910 553 2970 in
580 2910 744 2971 Palatium
772 2916 883 2972 vectus
912 2910 1043 2972 concedi
1072 2929 1206 2990 corpora
1227 2910 1410 2990 sepulturae

235 3016 270 3069 25
289 3008 489 3087 cremarique
517 3008 671 3087 permisit.
701 3008 852 3069 Pisonem
881 3009 1019 3070 Verania
1046 3028 1129 3070 uxor
1154 3028 1190 3068 ac
1211 3007 1308 3067 frater
1329 3006 1409 3068 Scri·
1503 3049 1506 3054 ,

288 3105 467 3182 bonianus,
489 3106 600 3167 Titum
613 3107 750 3167 Vinium
765 3107 915 3185 Crispina
929 3106 996 3167 filia
1010 3123 1234 3185 composuere,
1256 3105 1409 3184 quaesitis

290 3203 530 3282 redemptisque
558 3204 735 3283 capitibuS,
764 3223 847 3283 quae
875 3204 1001 3266 venalia
1026 3203 1244 3265 interfectores
1266 3207 1409 3263 seruave-

289 3306 372 3361 rant.
405 3300 479 3361 Piso
509 3319 612 3361 unum
644 3307 675 3363 et
702 3301 926 3363 tricensimum
953 3303 1067 3363 aetatis
1095 3321 1218 3361 annum
1245 3300 1410 3379 explebat,
1424 3308 1464 3369 48

290 3397 379 3458 fama
400 3397 532 3459 meliore
553 3418 651 3478 quam
673 3399 812 3460 fortuna.
835 3400 962 3460 Fratres
984 3401 1052 3460 eius
1067 3400 1222 3476 Magnum
1239 3397 1409 3475 Claudius,

244 3506 274 3559 to
291 3496 445 3556 Crassum
459 3496 543 3556 Nero
556 3495 797 3557 interfecerant:
818 3497 888 3575 ipse
903 3496 959 3557 diu
974 3498 1066 3573 exul,
1089 3495 1271 3575 quadriduo
1286 3495 1409 3571 Caesar,

291 3598 464 3672 properata
491 3591 664 3671 adoptione
692 3594 734 3654 ad
762 3593 823 3655 hoc
851 3599 980 3654 tantum
1001 3594 1116 3654 maiori
1137 3593 1228 3653 fratri
1248 3591 1410 3671 praelatus

327 3881 350 3929 1.
376 3884 498 3945 quaestus
515 3878 550 3929 Fl
569 3880 698 3945 (deletum
718 3881 771 3946 est).
799 3882 873 3931 -1,
893 3882 996 3933 ustione
1015 3882 1045 3932 F.
1066 3912 1099 3918 —
1118 3882 1157 3935 10.
1178 3891 1203 3933 et
1218 3883 1308 3933 fiscum
1327 3883 1357 3932 F.
1380 3911 1411 3918 -

294 3968 332 4018 12.
352 3968 483 4034 profectus
501 3968 521 4017 I
536 3967 638 4019 Miller.
659 3999 692 4005 -
714 3970 754 4021 13.
775 3979 892 4020 seruatus
912 3971 1007 4020 triremi
1025 3972 1054 4035 cf.
1068 3989 1095 4036 p.
1110 3970 1250 4036 32.1ssqq.
1272 3969 1409 4039 fsfamotus>

292 4056 371 4124 Nipp.
402 4055 571 4126 (ablegatus)
600 4057 728 4118 Heraeis.
759 4088 792 4095 -
821 4071 959 4125 euocatoq;
989 4060 1011 4110 F
1036 4090 1068 4096 -
1096 4062 1135 4111 11.
1161 4069 1234 4110 uacat
1260 4060 1290 4110 F.
1317 4090 1349 4096 -
1369 4059 1411 4110 21.

293 4180 406 4231 omisisse
424 4189 463 4231 tot
478 4181 562 4231 fonsae
574 4182 604 4232 F.
625 4212 658 4218 —
677 4182 720 4234 25.
739 4184 777 4233 lis
795 4184 826 4234 F.
847 4213 880 4219 —
900 4184 941 4236 30.
962 4150 1124 4235 interfecerat
1142 4185 1172 4235 F.
1194 4214 1226 4220 —
1245 4185 1306 4234 exui
1322 4185 1352 4235 F.
1379 4214 1411 4220 -
