3409 4909
346 450 405 510 112
770 467 911 511 corruam
932 468 1044 511 rlcrm
1315 456 1351 518 (a.
1371 470 1397 504 u.
1416 452 1467 507 822

343 636 485 696 infensos
519 636 768 697 incitamentum
803 642 886 708 erat,
917 642 1086 716 tamquam
1117 637 1238 698 nimius
1265 657 1368 716 pavor
1395 657 1468 699 con-

344 734 512 795 scientiam
532 739 687 812 argueret.
717 734 960 795 obturbabatur
980 735 1124 795 militum
1145 735 1279 797 vocibus
1301 736 1466 815 Aponius,

344 852 419 894 cum
439 832 530 911 loqui
552 838 728 912 coeptaret;
751 832 884 894 fremitu
901 837 933 894 et
947 834 1086 894 clamore
1101 838 1222 894 ceteros
1236 839 1466 913 aspernantur:

343 932 402 991 uni
433 932 575 992 Antonio
607 936 735 1011 apertae
767 931 911 991 militum
941 950 1049 991 aures:
1081 950 1223 1010 namque
1245 937 1287 993 ‘et
1313 932 1467 993 facundia

344 1028 454 1089 aderat
481 1029 709 1108 mulcendique
738 1030 870 1105 volgum
898 1033 982 1090 artes
1006 1033 1038 1089 et
1059 1029 1241 1090 auctoritas.
1271 1029 1342 1090 Ubi¹
1357 1029 1497 1091 crudet

343 1145 429 1187 scere
457 1126 587 1204 seditio,
619 1131 651 1188 et
679 1146 698 1186 a
726 1127 883 1187 conviciis
909 1146 945 1187 ac
973 1125 1099 1205 probris
1128 1125 1170 1186 ad
1197 1126 1261 1187 tela
1289 1131 1322 1187 et
1349 1146 1466 1188 manus

260 1235 264 1243 '
343 1224 540 1302 transibant,
571 1224 649 1285 inici
680 1229 809 1285 catenas
837 1224 993 1286 Flaviano
1021 1223 1119 1285 iubet.
1152 1223 1258 1285 Sensit
1286 1224 1467 1286 ludibrium

343 1322 451 1399 miles,
490 1321 711 1401 disiectisque,
750 1322 806 1401 qui
837 1321 981 1383 tribunal
1011 1321 1201 1399 tuebantur,
1240 1328 1387 1384 extrema
1420 1324 1466 1385 vis

342 1419 524 1499 parabatur.
565 1420 726 1499 Opposuit
762 1420 872 1480 sinum
910 1420 1088 1499 Antonius,
1127 1420 1238 1481 stricto
1271 1419 1371 1498 ferro,
1411 1428 1467 1483 aut

342 1517 485 1577 militum
507 1537 540 1577 se
561 1516 712 1577 manibus
733 1521 790 1578 aut
811 1517 877 1578 suis
893 1517 1086 1578 moriturum
1101 1517 1266 1579 obtestans
1273 1538 1280 1596 ;
1301 1524 1511 1598 utquam-10

343 1635 405 1695 que
426 1621 541 1677 notum
562 1620 593 1676 et
614 1616 724 1693 aliquo
744 1615 879 1676 militari
900 1615 1011 1676 decore
1032 1616 1192 1693 insignem
1213 1622 1399 1695 aspexerat,
1425 1618 1466 1678 ad

341 1713 507 1774 ferendam
534 1732 629 1791 opem
657 1713 789 1774 nomine
817 1714 911 1774 ciens.
941 1714 1020 1774 Mox
1047 1732 1220 1774 conversus
1248 1713 1290 1773 ad
1318 1714 1412 1792 signa
1436 1720 1466 1776 et

342 1811 501 1872 bellorum
530 1811 622 1889 deos,
650 1812 795 1873 hostium
816 1811 925 1890 potius
946 1811 1169 1872 exercentibus
1190 1811 1285 1872 illurn
1306 1810 1464 1890 furorem,

342 1910 433 1970 illam
455 1909 648 1970 discordiam
669 1910 825 1971 inicerent
845 1908 970 1986 orabat,
992 1908 1094 1970 donec
1116 1908 1276 1970 fatisceret
1296 1908 1414 1971 seditio
1436 1915 1466 1971 et

342 2013 485 2068 extremo
513 2008 580 2067 iarn
607 2007 659 2068 die
681 2026 740 2068 sua
761 2008 898 2086 quisque
919 2008 953 2067 in
974 2007 1113 2068 tentoria
1134 2006 1362 2067 dilaberentur.
1392 2007 1466 2069 Pro
1484 2020 1511 2071 15

342 2103 444 2165 fectus
471 2103 584 2165 eadem
612 2109 706 2165 nocte
730 2104 906 2166 Flavianus
927 2102 1030 2164 obviis
1053 2103 1244 2182 Vespasiani
1264 2102 1391 2180 litteris,
1404 2103 1465 2165 dis-

289 2205 325 2265 11
342 2201 468 2261 crimini
483 2207 653 2280 exemptus
668 2205 724 2261 est.
747 2201 917 2278 Legiones,
939 2200 1030 2261 velut
1043 2200 1117 2262 tabe
1131 2200 1282 2279 infectae,
1296 2202 1465 2281 Aponium

341 2299 566 2377 Saturninum,
595 2300 727 2360 Moesici
755 2299 914 2360 exercitus
942 2299 1100 2376 legatum,
1128 2318 1166 2360 eo
1194 2299 1335 2361 atrocius
1356 2299 1465 2377 adgre

340 2397 491 2474 diuntur,
518 2398 604 2476 quod
633 2417 714 2473 non,
742 2402 781 2458 ut
807 2398 912 2476 prius,
941 2396 1049 2458 labore
1077 2401 1110 2457 et
1137 2416 1232 2476 opere
1259 2397 1381 2476 fessae,
1410 2399 1465 2459 sed

340 2495 447 2556 medio
478 2495 543 2556 diei
570 2500 769 2572 exarserant,
803 2495 938 2572 volgatis
966 2494 1129 2575 epistulis,
1161 2514 1242 2574 quas
1269 2494 1465 2557 Saturninus
1481 2508 1513 2561 20

340 2592 381 2653 ad
410 2592 579 2653 Vitellium
607 2593 771 2672 scripsisse
799 2592 996 2653 credebatur.
1027 2593 1070 2653 Ut
1097 2592 1177 2653 olim
1202 2592 1334 2654 virtutis
1355 2593 1462 2655 mode·

340 2692 499 2770 stiaeque,
526 2696 605 2751 tunc
631 2691 834 2770 procacitatis
857 2696 888 2752 et
908 2691 1107 2770 petulantiae
1128 2696 1290 2753 certamen
1311 2697 1396 2771 erat,
1425 2712 1465 2753 ne

340 2788 448 2849 minus
478 2788 636 2849 violenter
663 2789 829 2868 Aponium
859 2809 959 2867 quam
984 2789 1179 2850 Flavianum
1200 2788 1243 2850 ad
1263 2790 1463 2869 supplicium

340 2886 555 2965 deposcerent.
585 2886 713 2966 Quippe
742 2887 900 2947 Moesicae
928 2887 1068 2964 legiones
1097 2887 1243 2948 adiutam
1273 2908 1291 2948 a
1319 2907 1353 2949 sc
1383 2890 1464 2950 Pan·

340 2984 529 3045 nonicorum
557 2984 716 3045 ultionem
743 2983 929 3061 referentes,
958 2989 990 3045 et
1017 2984 1211 3062 Pannonici,
1240 2986 1332 3048 velut
1359 2986 1463 3048 absol·
1481 2997 1513 3051 ‘25

339 3087 490 3143 verentur
520 3082 658 3142 aliorum
690 3081 863 3159 seditione,
894 3082 1009 3143 iterare
1036 3082 1167 3161 culpam
1194 3082 1390 3160 gaudebant.
1423 3085 1463 3145 In

339 3179 465 3257 hortos,
503 3180 538 3240 in
569 3180 687 3258 quibus
719 3180 943 3241 devertebatur
974 3180 1184 3258 Saturninus,
1217 3187 1371 3261 pergunt3
1404 3202 1463 3244 nee

339 3284 407 3339 tam
442 3278 570 3339 Primus
600 3284 633 3339 et
662 3279 853 3357 Aponianus
885 3283 917 3339 et
947 3278 1100 3356 Messala,
1139 3298 1341 3358 quamquam
1372 3282 1463 3342 omni

340 3376 435 3437 modo
453 3376 531 3453 nisi,
553 3376 697 3456 eripuere
713 3376 925 3437 Saturninum
940 3396 1039 3455 quam
1053 3376 1233 3438 obscuritas
1247 3377 1462 3458 latebrarum,

339 3474 457 3553 quibus
485 3474 707 3550 occulebatur,
736 3475 922 3535 vacantium
950 3474 1032 3536 forte
1059 3474 1249 3536 balnearum
1275 3475 1462 3543 fornacibus
1481 3489 1514 3543 30

338 3572 483 3634 abditus:
506 3592 583 3633 mox
604 3572 731 3634 omissis
752 3572 918 3633 lictoribus
934 3573 1105 3634 Patavium
1120 3574 1285 3634 concessit.
1308 3573 1462 3652 Digressu

339 3670 557 3731 consularium
586 3671 643 3731 uni
664 3671 807 3731 Antonio
828 3671 877 3732 vis
899 3690 936 3731 ac
957 3675 1099 3750 potestas
1121 3671 1155 3731 in
1176 3676 1352 3751 utrumque
1373 3692 1463 3734 exer·

340 3838 500 3846 -—-—-

373 3934 397 3987 2.
424 3935 579 3986 obturbatur
600 3934 687 3987 Orelli.
708 3966 740 3973 -
763 3937 803 3987 ll.
825 3945 960 4002 aspexerat
979 3937 1118 3988 auferenda
1136 3937 1166 3988 F.
1188 3966 1221 3973 —
1243 3938 1283 3989 14.
1303 3937 1420 3989 fatiscere
1439 3938 1463 3989 F

337 4025 455 4089 cs.Aaa.
475 4024 554 4079 XIII.
575 4025 617 4077 57.
639 4055 671 4062 -
693 4026 733 4076 17.
753 4024 907 4075 discriminis
925 4023 967 4076 Fl.
989 4055 1020 4063 —
1042 4024 1082 4077 18.
1103 4042 1133 4076 co
1152 4043 1213 4076 corr.
1235 4042 1262 4076 aa
1280 4031 1306 4077 et
1319 4026 1349 4076 F.
1371 4056 1403 4063 —
1416 4024 1461 4079 23.

337 4166 454 4217 uolentcr
471 4167 501 4218 F.
523 4196 555 4203 -
574 4165 616 4217 24.
636 4130 743 4232 legionis
761 4167 791 4217 F.
813 4197 846 4204 -
865 4165 907 4219 ⁶27.
929 4166 1019 4217 hortus
1038 4168 1068 4218 F.
