3409 4909
317 461 375 521 182
744 480 885 522 connum
907 480 1018 522 rnerrr
1289 466 1323 533 (a.
1344 482 1370 516 u.
1391 464 1442 518 823

315 648 490 709 excederet.
524 649 575 709 Ad
604 649 756 709 Paccium
784 649 974 710 Africanum
1003 650 1192 726 transgressi
1214 668 1291 710 eum
1312 668 1443 729 quoque

314 746 522 824 proturbant,
555 753 723 823 tamquam
756 747 875 807 Neroni
907 746 1089 808 Scribonios
1120 746 1235 807 fratres
1268 747 1444 808 concordia

314 843 494 923 opibusque
536 845 676 921 insignes
715 844 756 904 ad
795 845 932 905 exitium
971 846 1223 906 monstravisset.
1267 845 1443 906 Africanus

314 960 418 1020 neque
453 942 545 1002 fateri
576 941 717 1002 audebat
747 960 851 1020 neque
884 942 1023 1002 abnuere
1055 946 1197 1021 poterat:
1236 942 1271 1001 in
1307 942 1443 1003 Vibium

314 1040 480 1119 Crispum,
509 1040 602 1101 cuius
629 1040 933 1117 interrogationibus
958 1040 1170 1118 fatigabatur,
1200 1040 1286 1102 ultro
1309 1055 1476 1105 conver-5

314 1157 384 1213 sus,
416 1138 596 1215 miscendo,
629 1157 712 1217 quae
740 1137 910 1198 defendere
937 1137 1109 1215 nequibat,
1142 1138 1294 1198 societate
1324 1138 1441 1218 culpae

313 1235 472 1297 invidiam
494 1235 678 1297 declinavit.

259 1336 299 1396 42
354 1334 506 1410 Magnam
535 1354 572 1394 eo
600 1333 651 1393 die
673 1334 803 1412 pietatis
825 1334 1092 1413 eloquentiaeque
1114 1334 1236 1394 famam
1259 1333 1442 1412 Vipstanus

314 1431 465 1492 Messalla
492 1431 628 1510 adeptus
654 1437 718 1509 est,
747 1431 894 1492 nondum
922 1433 1081 1492 senatoria
1110 1437 1230 1509 aetate,
1259 1450 1360 1492 ausus
1383 1451 1441 1511 pro

313 1530 409 1591 fratre
439 1530 570 1608 Aquilio
598 1529 721 1606 Regulo
750 1528 922 1608 deprecari.
951 1529 1113 1605 Regulum
1134 1529 1289 1589 subversa
1310 1529 1492 1596 Crasso-10

313 1648 385 1688 rum
412 1634 444 1688 et
471 1627 564 1688 Orfiti
592 1627 708 1688 domus
736 1627 770 1686 in
796 1646 963 1687 summum
984 1626 1095 1687 odium
1119 1626 1295 1687 extulerat:
1324 1632 1442 1706 sponte

314 1729 369 1803 [ex
395 1722 444 1803 sc]
474 1725 711 1786 accusationem
733 1725 857 1785 subisse
878 1725 1005 1785 iuvenis
1027 1724 1221 1799 admodum,
1250 1744 1309 1785 nee
1332 1724 1442 1804 depel-

313 1824 400 1884 lendi
421 1824 572 1902 periculi,
601 1823 656 1883 sed
678 1823 712 1883 in
734 1842 824 1902 spem
847 1823 1010 1902 potentiae
1032 1822 1218 1899 videbatur;
1240 1828 1273 1883 et
1293 1822 1442 1902 Sulpicia

313 1923 534 1998 Praetextata,
563 1921 670 1981 Crassi
691 1940 788 1992 uxor,
814 1926 1033 1999 quattuorque
1054 1920 1163 1998 liberi,
1185 1921 1212 1981 si
1234 1926 1442 1997 cognosceret

313 2024 459 2095 senaim,
488 2019 608 2079 ultores
633 2018 776 2079 aderant.
805 2018 909 2095 Igitur·
931 2018 1070 2078 Messala
1091 2038 1156 2078 non
1178 2038 1310 2079 eausam
1333 2038 1441 2099 neque
1460 2034 1490 2085 15

313 2137 403 2177 reum
435 2118 533 2191 tueri,
566 2116 622 2177 sed
653 2116 804 2195 periculis
837 2116 944 2177 fratris
977 2122 1079 2177 semet
1110 2135 1276 2195 opponens
1304 2116 1442 2178 flexerat

312 2215 480 2294 quosdam.
518 2215 664 2275 Occurrit
702 2215 785 2275 truci
823 2214 967 2275 oratione
1006 2215 1136 2275 Curtius
1170 2214 1363 2292 Montanus,
1402 2234 1440 2277 eo

312 2333 415 2392 usque
436 2332 636 2392 progressus,
658 2318 695 2373 ut
716 2317 790 2391 post
810 2312 942 2373 caedem
965 2312 1086 2372 Galbae
1109 2312 1219 2373 datam
1239 2312 1441 2374 interfectori

312 2410 438 2470 Pisonis
478 2410 649 2489 pecuniam
688 2430 707 2469 a
739 2410 860 2486 Regulo
892 2409 1138 2488 adpetitumque
1170 2429 1280 2471 morsu
1310 2411 1440 2472 Pisonis

311 2513 411 2586 caput
441 2507 623 2567 obiectaret.
662 2507 729 2568 Hoc
759 2518 847 2586 certe,
887 2508 1010 2587 inquit,
1046 2509 1125 2568 Nero
1155 2528 1217 2568 uon
1246 2509 1355 2586 eripit,
1386 2529 1441 2570 uec
1457 2519 1490 2573 20

311 2604 491 2681 dignitatern
520 2613 575 2663 eret
601 2604 729 2664 sulrrlem
757 2604 817 2664 illu
844 2605 970 2665 saeuitia
993 2604 1152 2665 redemisti.
1181 2604 1260 2665 Saue
1283 2605 1441 2666 toleremus

310 2703 434 2762 istorum
474 2702 668 2779 defensiones,
707 2702 760 2780 qui
793 2702 916 2780 perdere
948 2703 1025 2763 ulios
1055 2722 1148 2781 quarn
1175 2703 1348 2780 periclitari
1377 2703 1461 2781 ipsi

311 2801 500 2860 maluerunt:
530 2809 555 2860 te
581 2820 716 2860 securum
737 2800 899 2878 reliqueret
919 2800 987 2860 erui
1004 2809 1092 2877 puter
1113 2809 1140 2860 et
1160 2800 1259 2861 diuisa
1280 2800 1359 2861 iuter
1379 2821 1439 2861 ere·

311 2898 420 2959 ditores
446 2898 539 2967 boum·
566 2897 703 2957 nondum
724 2898 870 2958 bonorum
892 2907 1104 2975 capessetur,
1132 2897 1229 2973 nihil,
1256 2898 1337 2976 quod
1357 2918 1391 2959 err
1414 2908 1439 2959 te

309 2997 519 3074 concupisceret
546 2996 640 3071 Nero,
668 2995 764 3073 nibil,
793 2995 872 3073 quod
902 2995 1022 3055 timeret.
1055 2994 1195 3055 Isibidiue
1221 2995 1384 3072 sanguinis
1411 3005 1439 3056 et
1455 3010 1486 3065 25

312 3095 399 3155 hiatu
415 3093 621 3172 praemiorum
642 3094 780 3170 ignotum
802 3093 902 3153 adbuc
921 3093 1078 3170 ingenium
1098 3102 1125 3152 et
1145 3093 1241 3154 nullis
1258 3092 1438 3170 defensioni·

311 3192 364 3253 bus
389 3201 538 3270 expertum
566 3191 652 3251 coede
678 3191 774 3251 nobili
799 3191 940 3268 induisti,
968 3211 1036 3250 cum
1057 3210 1089 3250 er
1105 3190 1214 3268 funere
1234 3191 1279 3251 rei
1297 3191 1438 3269 publicae

310 3291 408 3368 ruptis
444 3289 649 3351 cernitoribus
685 3289 802 3367 spoliis,
841 3289 1029 3367 septuagiens
1061 3288 1189 3349 sestertio
1219 3288 1381 3366 saginatus
1411 3299 1438 3350 et

309 3388 471 3449 sacerdotio
494 3387 633 3465 fulgens,
664 3387 800 3447 innoxios
822 3407 944 3464 pueros,
976 3387 1116 3447 inlustres
1142 3405 1235 3463 sena,
1263 3388 1439 3463 conspicuos

303 3486 440 3563 feminus
466 3484 569 3544 eudem
596 3484 690 3544 ruina
713 3494 925 3562 prosterneres·
952 3504 1020 3544 cum
1047 3484 1207 3561 segnitiem
1234 3484 1365 3546 Neronis
1390 3485 1437 3547 in·
1455 3499 1486 3555 30

346 3742 370 3791 l.
391 3739 520 3789 audebant
539 3739 569 3788 F.
591 3768 622 3775 -
642 3737 667 3789 8.
687 3737 811 3803 uiptanus
828 3736 859 3786 F.
881 3766 914 3773 —
935 3734 975 3788 10.
995 3742 1137 3785 castrorum
1156 3736 1380 3803 F(corr.rnerpo).
1403 3768 1435 3775 —

312 3829 352 3878 11.
382 3834 473 3893 sponte
502 3826 544 3891 [ex
572 3827 607 3893 sc]
633 3826 736 3875 Ernesti
760 3832 851 3889 sponte
876 3841 890 3874 e
915 3825 960 3874 xic
983 3823 1006 3873 F
1031 3832 1122 3889 sponte
1147 3823 1264 3875 Caesaris
1288 3825 1311 3876 J.
1338 3826 1436 3877 Mililer

310 3924 401 3981 sponte
426 3933 516 3965 senum
540 3915 713 3965 consularium
732 3913 828 3963 ilicis-er
846 3921 940 3978 sponte
958 3930 1001 3963 eas
1019 3912 1108 3962 Helm.
1139 3942 1171 3951 -
1193 3911 1233 3964 12.
1264 3915 1393 3966 accusatio
1414 3916 1435 3966 F

310 4004 483 4054 accusationes
502 4003 591 4053 Halm.
618 4033 650 4039 —
673 4004 713 4055 13.
740 4002 855 4067 Sulpicia
874 4002 1030 4052 Puteolanus
1049 4002 1174 4067 supplicia
1192 4002 1222 4053 F.
1243 4032 1277 4039 -
1296 4001 1339 4054 21.
1360 4012 1434 4055 austa

310 4094 362 4144 luto
382 4094 423 4143 illa
442 4094 472 4143 F.
494 4123 524 4129 —
539 4092 582 4143 22.
602 4091 873 4158 defensionosFtdel.
885 4091 938 4156 est).
959 4120 991 4129 -
1002 4089 1044 4143 28.
1065 4091 1254 4157 septuagiensee
1263 4091 1341 4143 tertio
1352 4093 1382 4143 F.
1401 4124 1433 4131 —

310 4180 441 4245 saginatus
460 4180 476 4229 b
495 4178 610 4244 signatus
628 4179 658 4229 F.
681 4208 712 4215 -
732 4177 774 4230 30.
795 4177 903 4243 segnitia
921 4178 951 4228 F.
