3409 4909
237 514 264 563 p.
285 495 332 548 ch.
353 496 399 562 69)
574 513 802 557 msronmnurr
824 496 880 555 IV.
903 494 1030 556 32-35.
1304 496 1360 561 177

238 686 311 741 tum
342 679 487 741 hostium
519 679 716 759 exploravit,
749 699 850 759 eoque
878 682 976 742 simul
1004 701 1147 759 egressus
1175 682 1360 762 victusque,

238 776 315 838 dein
343 777 495 838 victoriae
524 796 639 855 parum
661 776 800 838 confisus
821 778 905 839 tritis
927 778 1046 840 frustra
1067 778 1180 840 diebus
1201 785 1306 841 castra
1326 781 1361 840 in

238 875 366 936 hostem
393 875 513 952 movit,
541 895 638 955 quem
667 876 694 935 si
719 876 830 936 statim
851 877 1017 955 impellere
1038 896 1233 957 cursumque
1254 898 1361 939 rerum

238 974 330 1053 sequi
351 978 562 1049 maturasset,
587 973 710 1034 solvere
731 974 894 1034 obsidium
916 973 1080 1051 legionum
1102 974 1214 1035 eodem
1236 975 1361 1054 impetu

204 1071 355 1150 upotuit.
394 1049 622 1151 Temptaverat
658 1070 787 1131 interim
826 1071 939 1132 Civilis
976 1071 1180 1132 obsessorum
1218 1073 1360 1150 animos,

238 1174 409 1247 tamquam
437 1168 581 1248 perditae
608 1167 697 1247 apud
725 1169 888 1230 Romanos
916 1189 964 1230 res
993 1175 1025 1230 et
1045 1170 1111 1230 suis
1133 1170 1268 1231 victoria
1289 1190 1356 1250 pro·

239 1267 396 1329 venisset:
425 1266 732 1327 circumferebantur
753 1268 844 1344 signa
866 1267 1064 1346 vexillaque3
1087 1268 1240 1329 ostentati
1262 1269 1359 1328 etiam

238 1364 369 1443 captivi.
391 1365 443 1424 Ex
464 1364 583 1444 quibus
605 1384 705 1441 unus,
728 1366 889 1442 egregium
907 1364 1032 1426 facinus
1046 1384 1160 1439 ausus,
1183 1366 1268 1426 clara
1283 1386 1359 1427 voce

236 1466 327 1538 gesta
358 1462 524 1541 patefecit,
557 1461 724 1523 confossus
754 1462 841 1523 illico
873 1482 892 1522 a
923 1463 1092 1523 Germanis
1100 1484 1107 1540 ;
1139 1462 1226 1524 unde
1258 1464 1360 1524 maior

190 1571 218 1625 10
237 1558 339 1619 indici
366 1557 454 1620 fides.
484 1559 589 1621 Simul
616 1560 796 1621 vastatione
824 1560 1047 1638 incendiisque
1073 1560 1278 1638 flagrantium
1302 1562 1359 1622 vil-

236 1658 343 1717 larum
366 1656 475 1717 venire
493 1657 647 1718 victorem
662 1657 841 1718 exercitum
855 1658 1109 1735 intellegebatur.
1131 1660 1171 1718 In
1186 1665 1360 1738 conspectu

236 1759 416 1815 castrorum
444 1755 597 1816 constitui
625 1755 716 1832 signa
743 1755 928 1835 fossamque
955 1760 987 1816 et
1014 1755 1138 1818 vallum
1167 1756 1359 1817 circumdari

237 1853 364 1913 Vocula
398 1852 502 1914 iubet:
542 1852 696 1931 depositis
727 1853 956 1931 inpedimentis
988 1854 1185 1932 sarcinisque
1217 1855 1359 1934 expediti

237 1954 406 2011 certarent.
438 1950 524 2010 Hinc
552 1950 586 2009 in
615 1949 730 2010 ducem
758 1950 880 2010 clamor
907 1970 1051 2029 pugnam
1078 1952 1296 2030 poscentium3
1329 1957 1360 2013 et

190 2062 216 2114 [5
237 2047 358 2107 minari
394 2034 623 2108 adsueverant:
661 2066 701 2107 ne
732 2053 877 2126 tempore
909 2048 1041 2125 quidem
1072 2048 1112 2109 ad
1145 2048 1359 2109 ordinandam

237 2146 342 2206 aciem
366 2150 476 2224 capto,
505 2145 711 2224 incompositi
732 2144 871 2225 fessique
891 2145 1051 2224 proelium
1072 2166 1246 2226 sumpsere.
1276 2148 1359 2208 Nam

237 2242 352 2304 Civilis
390 2242 516 2320 aderat,
555 2262 621 2303 non
660 2243 767 2304 minus
806 2244 894 2304 vitiis
932 2244 1076 2305 hostium
1108 2265 1208 2325 quam
1240 2246 1359 2306 virtute

236 2360 372 2402 suorum
393 2341 501 2402 fretus.
525 2341 623 2401 Varia
644 2340 732 2419 apud
754 2341 916 2402 Romanos
938 2342 1083 2419 fortuna,
1105 2348 1137 2403 et
1159 2342 1359 2403 seditiosissi-

236 2458 312 2500 mus
344 2440 481 2518 quisque
512 2441 648 2516 ignavus
656 2459 663 2514 3
696 2438 830 2518 quidam
859 2441 993 2500 recentis
1022 2441 1173 2501 victoriae
1202 2460 1359 2502 memores

190 2548 217 2602 20
237 2538 374 2597 retinere
395 2537 519 2613 locum,
548 2537 640 2597 ferire
661 2536 804 2614 hostem,
826 2556 924 2615 seque
946 2543 977 2598 et
998 2539 1163 2617 proximos
1184 2538 1306 2598 hortari
1328 2545 1360 2599 et

237 2634 454 2712 redintegrata
484 2635 551 2695 acie
583 2653 699 2694 manus
731 2635 771 2694 ad
803 2635 948 2695 obsessos
976 2635 1120 2711 tendere,
1153 2656 1192 2696 ue
1220 2636 1359 2714 tempori

238 2731 394 2793 deessent.
417 2733 471 2792 Illi
492 2739 609 2792 cuncta
630 2752 646 2793 e
668 2733 769 2793 muris
790 2739 971 2809 cernentes,
994 2733 1144 2793 omnibus
1165 2732 1265 2812 portis
1287 2753 1358 2811 pro-

238 2836 397 2909 rumpunt
404 2851 411 2907 3
434 2850 471 2891 ac
492 2830 573 2891 forte
595 2830 707 2891 Civilis
728 2831 823 2908 lapsu
845 2831 920 2909 equi
941 2834 1135 2909 prostratus,
1160 2829 1281 2890 credita
1302 2850 1359 2910 per

237 2932 414 3007 utrumque
454 2928 631 2989 exercitum
672 2928 760 2988 fama
801 2928 1005 2989 volneratum
1044 2933 1100 2988 aut
1136 2926 1357 3004 interfectum,

190 3036 217 3089 35
237 3024 370 3085 inmane
394 3007 552 3105 quantum
576 3026 642 3086 suis
663 3026 791 3111 pavoris
813 3030 844 3085 et
865 3024 1013 3086 hostibus
1034 3024 1207 3086 alacritatis
1229 3024 1356 3085 indidit.

238 3122 301 3183 Sed
343 3122 468 3183 Vocula
505 3123 631 3183 omissis
670 3122 864 3200 fugientium
901 3123 996 3199 tergis
1035 3122 1157 3182 vallum
1196 3122 1358 3202 turrisque

238 3225 426 3281 castrorum·
448 3220 601 3298 augebat,
632 3226 801 3299 tamquam
829 3239 940 3281 rursus
968 3219 1131 3281 obsidium
1158 3221 1357 3297 immineret,

238 3322 390 3396 corrupta
417 3318 534 3379 totiens
562 3318 696 3378 victoria
724 3337 790 3378 non
815 3317 896 3378 falso
918 3322 1085 3396 suspectus
1106 3317 1229 3378 bellum
1251 3317 1356 3378 malle.
1380 3307 1383 3313 ’

278 3415 370 3475 Nihil
390 3435 491 3495 aeque
512 3415 670 3476 exercitus
692 3420 817 3476 nostros
839 3434 938 3494 quam
960 3420 1081 3492 egestas
1103 3416 1268 3493 copiarum
1287 3414 1357 3475 fati·
1373 3428 1410 3489 35

190 3529 220 3583 30
238 3511 343 3587 gabat.
372 3512 599 3591 Inpedimenta
626 3512 790 3590 legionum
815 3532 890 3573 cum
911 3512 1023 3573 inbelli
1045 3512 1140 3572 turba
1161 3511 1358 3573 Novaesium

238 3608 353 3686 missa,
375 3614 413 3669 ut
432 3609 508 3670 inde
529 3610 669 3670 terrestri
690 3610 803 3671 itinere
824 3609 1026 3671 frumentum
1047 3609 1258 3670 adveherent:
1280 3628 1356 3667 nam

238 3704 374 3766 flumine
394 3705 502 3767 hostes
523 3706 737 3786 potiebantur.
761 3707 907 3767 Primum
922 3726 1036 3784 agmen
1051 3726 1199 3767 securum
1214 3706 1356 3782 incessit,

238 3802 386 3865 nondum
414 3805 491 3864 satis
520 3803 612 3864 firmo
641 3804 751 3866 Civile.
781 3804 845 3875 Qut
874 3804 930 3865 ubi
951 3823 1078 3864 rursum
1099 3804 1214 3864 missos
1235 3803 1357 3864 Novae-

273 4116 298 4168 2.
327 4118 382 4169 triti
400 4119 430 4169 F.
461 4147 493 4155 -
513 4117 537 4169 9.
566 4118 633 4168 illico
652 4118 808 4167 Freimlcim
826 4117 878 4167 illic
896 4117 926 4166 F.
956 4146 989 4153 —
1011 4117 1051 4166 17.
1072 4116 1180 4165 uirtutes
1198 4113 1240 4165 F1.
1262 4143 1293 4151 -
1313 4112 1355 4166 23.

212 4215 215 4221 '
236 4206 309 4258 labsu
328 4207 360 4259 F.
380 4237 414 4245 —
433 4207 475 4260 25.
495 4208 604 4258 Inmane
623 4208 653 4258 F.
675 4236 706 4244 -
726 4206 768 4258 27.
788 4203 927 4256 ifnnineret
945 4206 975 4256 F.
997 4234 1029 4242 -
1048 4203 1091 4256 28.
1111 4205 1187 4254 falsos
1205 4204 1235 4253 F.

273 4310 433 4349 corruamus
451 4310 578 4347 merrus
598 4296 650 4345 ΙΙΙ.
1219 4291 1250 4344 l?
