3409 4909
311 444 370 505 200
738 459 878 501 cossam
899 458 1011 502 nac1r1
1285 444 1319 510 (a.
1340 459 1365 493 u.
1384 441 1436 495 823

311 630 500 708 conscriptis
538 628 680 690 secunda
719 627 869 688 Poeninis
908 626 1132 706 Cottianisque
1163 626 1318 706 Alpibus,
1363 646 1437 706 pars

311 733 421 790 monte
446 727 543 789 Graio
564 726 795 787 traducuntur:
823 729 939 804 quarta
960 724 1086 785 decima
1107 724 1189 802 legio
1211 744 1228 785 e
1250 724 1437 803 Britannia,

311 832 403 887 sexta
424 845 461 886 ac
482 825 587 904 prima
608 844 648 885 ex
670 824 831 902 Hispania
853 823 982 883 accitae.

351 923 454 999 Igitur
475 922 632 984 venientis
654 921 813 983 exercitus
828 920 915 981 fama
930 926 962 981 et
976 924 1091 998 suopte
1105 920 1234 997 ingenio
1249 919 1291 980 ad
1306 920 1440 981 mitiora

310 1020 503 1081 inclinantes
532 1019 712 1079 Galliarum
734 1018 880 1096 civitates
902 1018 936 1077 in
960 1017 1077 1078 Remos
1099 1036 1292 1078 convenere:
1322 1018 1440 1078 Trevo
1459 1027 1473 1079 5

311 1138 420 1180 rorum
447 1117 565 1194 legatio
592 1117 659 1178 illic
687 1116 930 1196 opperiebatur,
960 1115 1114 1176 acerrimo
1142 1115 1331 1176 instinctore
1359 1115 1441 1176 belli

311 1216 418 1278 Tullio
441 1215 622 1277 Valentino.
651 1216 684 1275 ls
706 1214 863 1275 meditata
885 1213 1028 1274 oratione
1049 1218 1166 1274 cuncta
1187 1213 1314 1290 magnis
1336 1213 1440 1292 impe-

311 1314 366 1375 riis
396 1313 548 1375 obiectari
569 1312 664 1373 solita
685 1310 964 1389 contumeliasque
985 1314 1016 1371 et
1038 1310 1196 1371 invidiam
1217 1310 1252 1371 in
1273 1311 1441 1390 populum

310 1410 495 1472 Romanurn
517 1410 647 1487 effudit,
669 1409 819 1470 turbidus
840 1408 1014 1469 miscendis
1037 1408 1249 1469 seditionibus
1271 1413 1303 1469 et
1325 1408 1440 1487 pleris-

257 1505 296 1567 69
310 1527 372 1588 que
394 1511 503 1584 gratus
525 1506 673 1568 vaecordi
693 1507 854 1568 facundia.
877 1506 921 1566 At
939 1506 1044 1567 Iulius
1059 1506 1193 1587 Auspex
1207 1525 1223 1566 e
1239 1506 1440 1585 primoribus
1460 1514 1490 1568 10

312 1605 503 1682 Remorum,
528 1605 596 1666 vim
618 1605 798 1665 Romanam
819 1604 973 1683 pacisque
994 1604 1080 1665 bona
1101 1604 1274 1664 dissertans
1297 1609 1330 1665 et
1351 1606 1440 1665 sumi

310 1702 433 1763 bellum
455 1703 552 1763 etiam
574 1702 614 1762 ab
629 1702 770 1779 ignavis,
793 1701 1008 1762 strenuissimi
1023 1701 1179 1779 cuiusque
1193 1701 1339 1780 periculo
1355 1703 1439 1780 geri,

309 1800 439 1879 iamque
481 1819 577 1878 super
618 1804 717 1879 caput
757 1799 914 1876 legiones,
957 1800 1233 1878 sapientissimum
1272 1818 1440 1879 quemque

310 1898 487 1959 reverentia
514 1897 658 1977 fideque,
686 1898 828 1958 iuniores
856 1897 999 1976 periculo
1028 1916 1065 1958 ac
1086 1902 1175 1958 metu
1197 1898 1378 1974 continuit3
1408 1902 1441 1959 et

311 1996 476 2057 Valentini
497 1996 645 2056 animum
666 1995 860 2071 laudabant,
890 1995 1064 2056 consilium
1086 1995 1236 2074 Auspicis
1258 1995 1440 2073 sequeban·
1458 2002 1488 2055 15

310 2099 371 2154 tur.
395 2094 530 2154 Constat
550 2093 712 2154 obstitisse
733 2093 878 2153 Treveris
900 2092 1164 2171 Lingonibusque
1185 2093 1272 2172 apud
1296 2093 1438 2170 Gallias,

311 2190 398 2269 quod
427 2190 572 2250 Vindicis
600 2194 693 2251 motu
721 2209 796 2250 curn
821 2190 972 2266 Verginio
994 2194 1148 2250 steterant
1155 2211 1163 2267 ;
1192 2190 1349 2251 deterruit
1372 2190 1439 2269 ple

311 2306 426 2366 rosque
455 2288 696 2365 provinciarum
724 2287 917 2349 aemulatio:
947 2287 1025 2365 quod
1052 2287 1124 2348 belle
1144 2287 1258 2367 capet?
1285 2288 1440 2349 eadelm

311 2385 537 2463 compactumque
567 2385 734 2463 peteretur?
766 2405 872 2463 palem,
905 2386 932 2445 si
959 2392 1065 2445 coacta
1089 2386 1308 2463 provenissent,
1340 2387 1440 2447 eedem

311 2484 437 2561 imperio
459 2483 606 2561 legerent?
634 2483 787 2544 Nondum
809 2483 960 2559 victoria,
987 2482 1052 2542 iam
1074 2481 1235 2543 discordia
1256 2488 1340 2560 erat,
1364 2483 1438 2544 aliis
1456 2489 1487 2543 20

311 2581 454 2657 foedera,
486 2580 683 2660 quibusdam
715 2600 791 2659 opes
819 2580 967 2660 viresque
995 2585 1053 2641 aut
1080 2584 1274 2641 vetustatem
1304 2580 1438 2658 originis

311 2698 367 2757 per
387 2678 490 2754 iurgia
510 2678 715 2738 iactantibus.
738 2676 858 2739 Taedio
879 2676 1063 2739 futurorum
1078 2678 1260 2756 praesentia
1274 2677 1437 2757 placuere.

311 2774 501 2835 Scribuntur
539 2774 580 2834 ad
618 2775 772 2836 Treveros
808 2774 967 2853 epistulae
996 2775 1127 2836 nomine
1159 2774 1367 2850 Galliarum,¹
1400 2782 1438 2837 ut

311 2873 510 2933 abstinerent
537 2872 650 2949 armis,
679 2872 876 2951 impetrabili
905 2873 1000 2935 venia
1028 2878 1059 2946 et
1080 2873 1201 2951 paratis
1222 2872 1438 2952 deprecatori-

310 2970 387 3047 bus,
426 2971 452 3030 si
483 2971 676 3049 paeniteret:
716 2970 833 3030 restitit
864 2969 951 3030 idem
983 2969 1176 3031 Valentinus
1208 2970 1438 3051 obstruxitque
1454 2979 1487 3032 25

310 3068 451 3130 civitatis
472 3088 549 3129 suae
571 3088 679 3144 aures,
709 3067 797 3128 baud
818 3068 951 3146 perinde
973 3067 1161 3129 instruendo
1182 3067 1268 3129 bello
1288 3059 1436 3131 intentus

310 3186 410 3246 qnam
431 3166 582 3244 frequens
604 3166 818 3227 contionibus.

256 3277 296 3340 70
350 3264 454 3341 Igitur
487 3284 553 3325 non
584 3264 714 3326 Treveri
744 3283 848 3342 neque
880 3264 1039 3340 Lingones
1070 3268 1233 3325 ceteraeve
1263 3262 1437 3326 rebellium

310 3361 455 3422 civitates
473 3381 531 3440 pro
546 3361 769 3439 magnitudine
785 3362 926 3441 suscepti
940 3361 1135 3422 discriminis
1150 3380 1251 3439 agere.
1273 3361 1323 3422 Ne
1338 3361 1437 3424 duces

311 3460 442 3538 quidem
470 3460 505 3520 in
533 3478 636 3521 unum
665 3459 846 3535 consulere,
874 3459 930 3520 sed
952 3458 1064 3521 Civilis
1086 3460 1161 3520 arria
1182 3458 1355 3535 Belgarum
1379 3460 1437 3521 cir·
1455 3468 1489 3523 30

310 3558 469 3634 cumibat,
502 3558 581 3618 dum
613 3557 786 3618 Claudium
818 3556 1001 3617 Labeonem
1034 3576 1147 3635 capere
1178 3562 1235 3617 aut
1261 3557 1437 3619 exturbare

346 3885 370 3937 3.
396 3884 421 3950 uj
447 3902 477 3936 ac
495 3848 556 3950 {ama
579 3886 602 3936 F
620 3893 692 3935 sexta
711 3902 740 3935 ac
759 3884 868 3935 decuma
887 3883 982 3935 Seville
1000 3884 1039 3934 cll.
1060 3884 1096 3935 ΙΙ.
1117 3883 1152 3937 58
1170 3891 1193 3935 et
1211 3883 1264 3935 III.
1287 3884 1323 3935 44
1341 3886 1435 3950 aedes.

310 3972 361 4022 III.
381 3973 416 4023 44
434 3981 508 4023 sexta
526 3990 555 4024 ac
573 3972 658 4039 prima
676 3981 701 4024 et
719 3973 819 4024 decima
836 3972 920 4023 Rider
938 3973 977 4023 cll.
997 3972 1032 4024 V.
1054 3972 1094 4025 ia.
1116 4002 1149 4011 -
1169 3973 1193 4025 7.
1213 3972 1310 4040 Tullio]
1331 3974 1397 4025 tulio
1413 3974 1436 4025 F

311 4060 378 4111 Iulio
403 4062 416 4111 b
440 4063 469 4127 cs.
498 4061 600 4115 Iolao.
628 4092 660 4099 -
685 4062 788 4129 imperii
812 4063 842 4113 F.
870 4091 902 4099 -
928 4060 970 4113 22.
996 4061 1079 4127 iurgia
1098 4060 1233 4112 licentias
1252 4061 1324 4112 Iuria
1343 4062 1375 4114 F.
1401 4091 1435 4101 -

310 4149 353 4202 31.
373 4157 475 4215 caperet
493 4150 535 4201 Fl.
