3409 4909
307 466 364 527 126
730 484 869 525 coaxsnr
891 484 1003 526 mmm
1276 468 1312 531 (a.
1333 484 1357 516 u.
1377 465 1426 519 822

306 652 417 713 debat:
439 672 506 713 non
526 670 639 731 parare
661 671 766 728 arma,
788 671 853 712 non
876 651 1029 730 adloquio
1051 650 1269 729 exercitioque
1291 638 1429 713 militem

306 750 448 827 firmare,
477 770 543 811 non
573 751 608 809 in
636 769 689 810 ore
714 750 800 826 volgi
826 769 933 827 agere3
963 748 1019 810 sed
1040 749 1239 809 umbraculis
1261 749 1429 809 hortorum

306 848 452 925 abditus,
489 853 527 908 ut
557 848 674 925 ignava
705 848 876 923 animalia,
913 848 1032 925 quibus
1064 848 1091 907 si
1123 847 1233 908 cibum
1265 866 1429 924 suggeras,

305 947 410 1007 iacent
433 951 642 1025 torpentque,
671 946 843 1024 praeterita
865 946 1023 1006 instantia
1044 945 1154 1007 futura
1175 946 1246 1024 pari
1268 945 1430 1006 oblivione

307 1042 480 1103 dimiserat.
510 1046 617 1122 Atque
644 1042 740 1103 illum
768 1044 803 1103 in
824 1062 954 1103 nemore
976 1043 1107 1103 Aricino
1129 1043 1273 1103 desidem
1296 1047 1328 1104 et
1350 1053 1460 1105 mar-5

306 1145 432 1202 centem
459 1141 599 1220 proditio
627 1141 744 1201 Lucilii
769 1142 860 1202 Bassi
882 1161 919 1201 ao
941 1141 1077 1202 defectio
1099 1140 1210 1202 classis
1232 1141 1430 1201 Ravennatis

306 1239 458 1318 perculit;
480 1259 539 1300 nec
560 1239 664 1300 multo
686 1244 759 1318 post
780 1239 820 1300 de
842 1239 980 1326 Caecina
1001 1238 1144 1300 adfertur
1165 1239 1291 1299 mixtus
1313 1238 1430 1316 gaudio

307 1335 413 1414 dolor,
452 1341 484 1398 et
522 1337 693 1399 descivisse
724 1343 755 1397 et
787 1337 827 1397 ab
859 1337 1003 1397 exercitu
1036 1336 1193 1398 vinctum.
1233 1337 1311 1397 Plus
1344 1336 1431 1415 apud

307 1434 473 1496 socordem
504 1435 652 1495 animum
683 1434 807 1502 laetitia
836 1454 936 1513 quam
965 1454 1042 1494 cura
1070 1435 1189 1495 valuit:
1221 1434 1329 1494 multa
1357 1454 1431 1495 cum

307 1531 506 1593 exultatione
534 1532 569 1593 in
596 1532 711 1593 urbem
731 1537 893 1609 revectus,
923 1532 1083 1612 frequenti
1105 1533 1254 1593 contione
1277 1518 1431 1611 pietatem
1449 1542 1479 1596 10

308 1629 450 1690 militum
481 1628 633 1690 laudibus
664 1630 825 1706 cumulat,
862 1629 1041 1690 Publilium
1073 1630 1246 1707 Sabinum,
1278 1630 1432 1709 praetorii

308 1727 522 1807 praefectum,
550 1728 591 1788 ob
613 1727 792 1788 amicitiam
813 1727 969 1788 Caecinae
990 1727 1105 1788 vinciri
1126 1727 1231 1802 iubet,
1255 1727 1432 1788 substituto

255 1828 293 1894 37
309 1826 343 1886 in
373 1826 483 1886 locum
514 1827 583 1886 eius
614 1826 731 1887 Alfeno
762 1826 864 1902 Varo,
897 1846 975 1886 mox
1006 1831 1155 1887 senatum
1188 1827 1369 1906 composita
1398 1826 1432 1886 in

308 1924 581 2001 magnificentiam
602 1924 746 1985 oratione
767 1923 954 2002 adlocutus,
977 1924 1146 2004 exquisitis
1167 1929 1300 2003 patrum
1321 1923 1432 1985 adula-

308 2022 451 2083 tionibus
473 2022 641 2082 attollitur.
664 2022 801 2081 Initium
823 2022 939 2082 atrocis
960 2022 995 2081 in
1017 2022 1189 2082 Caecinam
1211 2022 1391 2083 sententiae
1414 2042 1433 2082 a
1452 2032 1483 2085 15

308 2120 343 2180 L.
382 2119 513 2180 Vitellio
550 2119 689 2195 factunm
728 2118 802 2179 dein
838 2120 935 2179 ceteri
974 2120 1153 2198 composita
1190 2119 1432 2196 indignatione,

309 2217 394 2295 quod
417 2216 530 2278 consul
551 2236 618 2277 rem
633 2217 813 2295 publicam,
836 2217 905 2276 dux
919 2217 1163 2295 imperatorem,
1185 2217 1284 2276 tantis
1300 2217 1433 2295 opibus,

308 2320 357 2377 tot
394 2315 570 2376 honoribus
609 2315 794 2376 cumulatus
829 2315 972 2375 amicum
1003 2314 1212 2394 prodidisset,
1253 2314 1343 2376 velut
1375 2335 1434 2394 pro

310 2414 442 2475 Vitellio
469 2416 716 2491 conquerentes,
745 2432 841 2494 suum
868 2412 1012 2474 dolorem
1033 2412 1247 2492 proferebant.
1277 2413 1378 2473 Nulla
1398 2412 1435 2473 in

309 2511 453 2572 oratione
468 2512 660 2589 cuiusquam
675 2530 748 2588 erga
762 2510 935 2572 Flavianos
951 2510 1048 2572 duces
1064 2511 1271 2572 obtrectatio:
1294 2531 1435 2572 errorem
1453 2518 1488 2573 20

308 2609 617 2688 inprudentiamque
645 2609 846 2669 exercituum
874 2609 1060 2687 culpantes,
1092 2608 1284 2687 Vespasiani
1314 2628 1435 2668 nomen

309 2708 457 2785 suspensi
485 2712 516 2767 et
543 2705 714 2768 vitabundi
741 2706 964 2767 circumibant.
997 2707 1064 2766 Neo
1092 2705 1210 2783 defuit,
1243 2707 1300 2784 qui
1328 2726 1435 2767 unum

310 2806 496 2866 consulatus
534 2805 620 2865 diem
660 2805 701 2882 (is
739 2806 826 2865 enim
858 2805 892 2865 in
924 2804 1033 2865 locum
1066 2804 1221 2865 Caecinae
1253 2807 1435 2884 supererat)

310 2923 426 2981 magno
464 2922 539 2964 cum
576 2903 679 2963 inrisu
709 2903 881 2964 tribuentis
914 2903 1165 2982 accipientisque
1196 2902 1434 2963 eblandiretur:

310 3002 413 3081 pridie
433 3001 590 3062 kalendas
611 3001 809 3062 Novembres
830 3001 947 3079 Rosius
968 3000 1110 3077 Regulus
1132 3000 1206 3060 iniit
1220 3000 1434 3078 eiuravitque.
1454 3008 1489 3063 25

311 3100 520 3161 Adnotabant
546 3099 640 3177 periti
661 3117 843 3177 numquam
864 3104 960 3159 antea
981 3118 1046 3159 non
1068 3098 1220 3176 abrogato
1242 3099 1436 3175 magistratu

310 3217 414 3275 neque
442 3198 510 3275 lege
537 3198 604 3257 lata
631 3196 734 3257 alium
761 3197 961 3257 subiectum:
989 3216 1067 3256 nam
1096 3196 1210 3257 consul
1237 3216 1303 3257 uno
1329 3196 1381 3257 die
1402 3202 1436 3258 et

310 3302 385 3357 ante
406 3296 511 3356 fuerat
532 3295 686 3361 Caninius
708 3294 840 3355 Rebilus
863 3294 900 3354 G.
923 3294 1057 3355 Caesare
1072 3294 1244 3371 dictatore,
1267 3313 1343 3354 oum
1358 3293 1433 3355 bell‘

311 3395 415 3455 civilis
436 3395 580 3473 praemia
600 3393 836 3454 festinarentur.

258 3502 296 3563 38
350 3493 436 3553 Nota
463 3512 519 3571 per
547 3511 600 3552 eos
629 3491 696 3552 dies
725 3491 812 3551 Iunii
840 3490 947 3551 Blaesi
974 3509 1061 3550 mors
1089 3494 1120 3550 et
1142 3489 1265 3550 famosa
1287 3488 1366 3566 fuit;
1395 3488 1437 3550 de
1455 3496 1490 3551 30

312 3610 377 3668 qua
408 3590 452 3650 sic
484 3589 676 3667 accepimus.
710 3587 810 3648 Gravi
840 3587 982 3665 corporis
1014 3586 1127 3647 morbo
1160 3604 1251 3663 aeger
1283 3586 1436 3647 Vitellius

347 3915 372 3967 ἱ).
396 3917 512 3966 firmaret
531 3916 572 3967 Fl.
600 3945 632 3953 -
652 3917 676 3967 3.
702 3931 823 3980 suggeras
841 3932 903 3964 cora
925 3931 952 3963 ea·
971 3920 1109 3978 suggerant
1128 3912 1158 3962 F.
1184 3941 1217 3949 -
1238 3913 1261 3963 7.
1288 3857 1437 3977 perlulitF

312 4007 351 4070 (in
375 4024 422 4073 rap.
447 4006 505 4055 orld.
525 4008 576 4070 cu).
607 4034 638 4042 -
660 4007 701 4056 11.
729 4003 839 4070 plubiliu
858 4004 887 4054 F.
918 4032 950 4039 -
973 4003 1013 4053 17.
1042 3997 1104 4051 coni
1122 4001 1152 4051 F.
1174 3999 1436 4081 -18.-—<amicus>

304 4095 422 4172 amicum
432 4093 535 4145 Meiaer.
556 4124 588 4131 —
599 4092 641 4144 24.
662 4092 838 4144 eblandnetur
847 4092 929 4142 Rhea.
940 4090 1100 4142 blandiretur
1110 4090 1141 4141 F.
1163 4120 1195 4127 —
1205 4088 1248 4142 25.
1262 4090 1311 4155 pR
1321 4089 1348 4139 kl
1358 4090 1389 4140 F.
1403 4120 1436 4128 —

312 4184 354 4237 28.
373 4184 471 4234 rebitus
489 4183 519 4233 F.
