3409 4909
285 488 313 537 p.
336 470 386 521 Ch.
406 469 452 527 69)
543 501 550 513 -
637 485 866 529 ammonianum
887 468 913 528 I.
936 467 1064 533 37—39.
1374 470 1409 529 21

282 656 452 734 perierant.
474 655 594 715 Minore
613 655 750 716 auaritia
770 674 806 716 ae
827 655 950 716 licentia
966 664 1120 734 praasatna
1134 665 1203 717 esset
1229 656 1260 717 T.
1289 656 1412 735 Vinius,

285 754 314 815 si
343 754 407 833 ipre
433 753 625 832 imperasset:
652 772 733 813 nanc
759 760 787 813 et
812 752 952 813 adiectos
972 772 1025 813 noa
1046 753 1150 813 habirit
1173 762 1328 832 tantaleam
1347 774 1413 815 arros

287 860 316 911 et
338 850 411 911 viles
430 858 464 911 at
484 850 606 911 alienos.
636 850 705 911 Una
725 851 782 911 illa
803 850 908 910 domm
928 850 1036 929 srtfficit
1057 851 1213 928 donativa,
1236 851 1314 929 qmd
1334 852 1413 912 nobis

289 968 457 1027 nanmuam
484 948 577 1009 datar
603 956 630 1008 et
657 948 764 1009 cotidie
791 948 992 1027 exprobratur.
1020 950 1067 1009 Ac
1094 969 1130 1009 ne
1157 969 1218 1027 aaa
1245 950 1358 1010 salton·
1377 950 1412 1010 in
1427 949 1465 1010 38

248 1058 267 1108 5
286 1066 447 1108 amanam
468 1046 581 1108 Galbae
599 1065 664 1125 spes
684 1054 769 1124 esset,
797 1047 919 1107 accersit
939 1046 977 1106 ab
997 1047 1101 1123 milio,
1130 1067 1215 1124 quem
1237 1047 1364 1108 tristitia
1385 1056 1412 1108 et

287 1146 427 1207 auaritia
446 1146 495 1206 sai
514 1145 707 1206 simillimam
720 1144 885 1206 indicabat.
915 1145 1056 1222 Vidistis,
1078 1145 1306 1223 commilitones,
1328 1155 1413 1206 nont

287 1244 346 1305 bili
381 1251 550 1323 tempestate
580 1244 672 1304 etiam
703 1243 770 1303 deos
799 1243 973 1319 insatiatam
1003 1243 1195 1321 adoptionem
1226 1253 1413 1319 cantantem

287 1343 372 1403 imm
398 1350 531 1420 aeratas,
559 1342 640 1403 idem
663 1342 771 1421 papali
797 1342 931 1401 Romani
958 1342 1080 1401 animus
1106 1350 1167 1416 eat;
1194 1350 1291 1402 nestra
1318 1344 1414 1403 uirtus

288 1447 476 1519 expellatur,
507 1440 592 1518 apad
622 1458 693 1517 qima
723 1459 807 1499 mnne
838 1439 967 1499 honestis
997 1440 1130 1500 consillia
1160 1439 1261 1519 robes,
1294 1449 1320 1500 et
1350 1442 1414 1502 aine

233 1548 270 1601 10
288 1538 397 1616 petibus
423 1539 560 1615 quamuis
587 1537 704 1616 eprepia
731 1537 872 1597 'inualida
899 1545 977 1597 aient.
1006 1538 1078 1597 Non
1104 1538 1147 1597 ad
1166 1537 1273 1599 bellam
1293 1559 1343 1599 aas
1363 1559 1414 1600 *nec

288 1635 334 1695 ad
356 1635 526 1714 perititiam
544 1654 629 1695 uoco:
657 1635 792 1695 maniam
811 1635 948 1695 militnm
967 1655 1056 1695 amna
1076 1634 1225 1695 nobiautm
1245 1644 1324 1696 astat.
1354 1637 1415 1696 Nec

291 1752 356 1792 una
375 1731 476 1792 aalma
497 1740 598 1809 topata
619 1731 755 1807 defendit
775 1751 856 1793 nanc
877 1731 1022 1810 (labam,
1050 1733 1102 1793 sed
1122 1733 1250 1794 detinet:
1279 1754 1345 1794 erem
1365 1754 1414 1794 eoa

289 1829 454 1908 aspexerit,
476 1850 543 1889 cnm
561 1830 683 1908 signam
701 1850 801 1890 menm
821 1830 980 1909 acceperit,
1002 1830 1055 1890 boc
1071 1830 1166 1891 solum
1181 1832 1237 1891 erit
1251 1839 1412 1909 certamen,

289 1928 358 2005 qnia
378 1926 457 1987 milti
476 1927 643 2005 plurimam
662 1927 789 2006 inputet.
814 1928 927 1988 Nullas
947 1928 1146 1988 citmtattonla
1167 1928 1244 1989 locta
1265 1937 1305 1988 est
1327 1929 1362 1987 in
1383 1949 1421 2007 eo

235 2038 269 2088 15
288 2025 430 2102 caraille,
451 2025 530 2102 qaod
549 2045 611 2085 non
627 2034 723 2104 potest
745 2026 872 2086 landari
891 2026 953 2085 nisi
967 2034 1132 2104 peractam.
1156 2026 1282 2105 Aperiri
1297 2026 1413 2087 deinde

289 2124 579 2185 armamentarium
609 2123 712 2185 iussit.
749 2125 855 2203 Rapta
884 2124 995 2185 statim
1028 2144 1131 2201 arma,
1163 2124 1231 2184 sine
1263 2144 1350 2184 more
1382 2130 1414 2186 et

289 2219 404 2281 ordine
432 2220 583 2297 militiae,
611 2227 648 2282 ut
675 2222 898 2300 praetorianus
927 2227 985 2282 aut
1009 2221 1204 2298 legionarius
1233 2222 1414 2299 insignibus

289 2318 358 2379 suis
387 2318 652 2395 distingueretur:
681 2319 857 2380 miscentur
878 2318 1091 2380 auxiliaribus
1112 2318 1210 2396 galeis
1232 2320 1412 2398 scutisque,

289 2416 384 2478 nullo
415 2416 619 2478 tribunorum
636 2403 918 2481 'centurionumve
946 2416 1154 2494 adhortante,
1187 2416 1248 2477 sibi
1277 2417 1414 2497 quisque

234 2526 270 2581 20
289 2514 361 2576 dux
383 2520 414 2576 et
435 2515 618 2593 instigator;
640 2521 672 2577 et
693 2515 905 2594 praecipuum
920 2515 1134 2594 pessimorum
1149 2515 1413 2593 incitamentum,

289 2612 380 2692 quod
400 2612 479 2674 boni
499 2613 695 2675 maerebant.

331 2711 404 2771 Iam
443 2710 614 2772 exterritus
652 2711 726 2772 Piso
762 2710 895 2772 fremitu
926 2710 1153 2772 crebrescentis
1185 2709 1350 2770 seditionis
1381 2715 1413 2770 et
1428 2717 1467 2778 39

290 2808 426 2870 vocibus
447 2808 481 2868 in
502 2808 616 2869 urbem
636 2827 739 2887 usque
760 2808 987 2870 resonantibus
1008 2827 1169 2886 egressum
1191 2807 1321 2868 interim
1340 2807 1414 2868 Gal-

289 2907 369 2967 bam
396 2910 430 2967 et
456 2904 525 2967 soro
553 2905 871 2985 appropinquantem
899 2905 1070 2967 adsecutus
1092 2912 1176 2982 erat,
1204 2906 1270 2966 iam
1292 2905 1413 2966 Marius

238 3015 271 3070 25
290 3003 405 3065 Celsus
432 3001 523 3063 haud
550 3002 636 3063 laeta
663 3004 846 3081 rettulerat,
875 3024 950 3064 cum
978 3004 1034 3064 alii
1055 3004 1089 3064 in
1111 3003 1273 3065 Palatium
1295 3004 1413 3082 redire,

290 3100 347 3160 alii
369 3099 569 3178 Capitolium
590 3105 727 3179 peteret,
749 3100 894 3179 plerique
913 3106 1016 3161 rostra
1030 3101 1218 3180 occupanda
1232 3108 1413 3178 censerent,

291 3197 401 3277 plures
421 3202 552 3259 tantum
565 3198 733 3259 sententiis
747 3198 886 3259 aliorum
902 3198 1169 3275 contradicerent,
1191 3205 1293 3279 utque
1307 3200 1414 3260 evenit

291 3296 326 3356 in
354 3295 498 3356 consiliis
518 3296 718 3373 infelicibus,
747 3297 872 3375 optima
893 3296 1095 3373 viderentur,
1124 3316 1263 3376 quorum
1284 3303 1413 3376 tempus

291 3394 457 3471 effugerat.
491 3394 638 3471 Agitasse
669 3395 753 3455 Laco
783 3395 894 3479 ignaro
927 3393 1030 3454 Galba
1062 3392 1102 3454 de
1134 3394 1309 3455 occidendo
1341 3395 1413 3455 Tito

244 3505 276 3559 30
294 3492 391 3553 Vinio
413 3490 546 3569 dicitur,
568 3492 635 3553 sive
656 3497 694 3553 ut
715 3511 819 3571 poena
840 3492 909 3552 eius
930 3492 1055 3553 animos
1076 3490 1221 3552 militum
1242 3492 1413 3567 mulceret,

293 3608 349 3650 seu
380 3589 546 3650 conscium
577 3589 715 3651 Othonis
747 3588 912 3667 credebat,
944 3589 986 3650 ad
1014 3594 1214 3668 postremum
1242 3589 1295 3650 vel
1323 3588 1412 3650 odio:

293 3686 542 3748 haesitationem
573 3688 684 3750 attulit
714 3693 843 3767 tempus
876 3708 913 3748 ac
944 3687 1050 3764 locus,
1083 3687 1160 3765 quia
1187 3687 1280 3748 initio
1308 3686 1413 3747 caedis

330 3914 353 3964 l.
376 3918 537 3978 paraverunt
559 3912 614 3962 edd.
639 3912 778 3978 sanctiores,
805 3912 1007 3979 quam—quoad
1033 3912 1166 3977 perierunt
1185 3911 1281 3962 illeirer
1298 3911 1414 3978 perdide-

293 4012 353 4053 runt
372 4001 465 4053 Rider.
491 4030 526 4038 —
545 4001 569 4052 5.
595 4000 727 4051 accersivit
745 4001 835 4051 Rider.
861 4030 893 4038 -
915 4003 937 4052 l.
968 4002 1125 4067 aversantes]
1145 4000 1311 4051 adversantes
1329 4001 1359 4051 F.
1381 4030 1413 4037 -

293 4095 317 4144 ll.
343 4094 409 4143 offis.
434 4120 469 4129 -
496 4091 537 4141 14.
562 4090 731 4140 cunctationis
754 4090 776 4139 F
795 4089 952 4140 cunctationi
970 4090 1024 4140 cdd.
1044 4107 1094 4155 seq.
1122 4119 1153 4126 —
1173 4090 1215 4141 25.
1236 4089 1330 4141 rediret
1348 4088 1414 4155 Nip-

291 4183 392 4247 penlcy.
413 4210 447 4218 -
466 4178 509 4232 26.
529 4187 616 4245 petere
634 4176 677 4229 F2.
697 4208 731 4215 —
750 4179 792 4229 31.
812 4186 970 4243 postremum
989 4177 1070 4227 Rlicn.
1090 4183 1195 4243 posterii
1213 4178 1244 4228 F.
