3409 4909
308 431 347 492 38
734 451 875 494 coariani
897 451 1009 494 racrrr
1279 439 1314 504 (a.
1334 455 1359 489 u.
1377 436 1420 491 822

308 619 358 679 bis
386 639 423 679 ac
451 620 548 680 minis
576 619 793 698 temperabat,
822 640 897 681 curn
930 620 1085 681 Claudius
1114 620 1250 699 Cossus,
1279 640 1364 682 unus
1389 641 1423 683 ex

308 717 436 796 legatis,
459 723 554 778 notae
575 718 762 790 facundiae,
784 718 841 779 sed
862 718 991 779 dicendi
1007 725 1109 780 artem
1125 724 1202 799 apta
1216 719 1423 799 trepidatione
1471 745 1474 782 ι

309 816 474 876 occultans
496 819 593 894 atque
615 835 652 877 eo
674 815 826 893 validior,
848 817 963 877 militis
978 817 1124 877 animum
1139 818 1317 895 mitigavit,
1339 836 1423 895 mox,
1472 805 1474 812 ¹

309 917 346 973 ut
367 919 415 973 est
435 912 550 990 uolgus
571 913 729 974 mutabile
750 913 882 991 subitis,
903 918 972 974 tam
993 915 1087 992 proni
1107 914 1142 974 in
1160 914 1424 987 misericordiam,

310 1030 409 1090 quarn
436 1010 590 1071 inmodici
619 1012 754 1073 saevitia
775 1011 918 1089 fuerant,
947 1012 1057 1072 effusis
1082 1012 1223 1073 lacrimis
1246 1017 1278 1073 et
1298 1013 1452 1075 meliorat

310 1109 511 1169 constantius
539 1107 735 1187 postulando
762 1110 981 1187 inpunitatem
1003 1109 1206 1189 salutemque
1227 1110 1355 1171 civitati
1375 1110 1427 1169 im-

256 1207 296 1270 70
310 1211 484 1285 petrarere.
514 1207 651 1267 Caecina
679 1226 800 1285 paucos
829 1208 863 1268 in
891 1206 1051 1269 Helvetiis
1072 1213 1217 1269 moratus
1239 1206 1325 1285 dies,
1355 1208 1428 1267 dum

311 1305 488 1365 sententiae
520 1304 644 1365 Vitellii
675 1305 790 1365 certior
821 1304 926 1382 fieret,
961 1305 1061 1365 simul
1091 1305 1266 1365 transitum
1297 1305 1428 1385 Alpium

311 1423 443 1482 parans,
472 1402 595 1463 laetum
623 1423 664 1463 ex
681 1402 788 1463 'Italia
816 1404 971 1464 nuntium
999 1404 1131 1489 accipit,
1160 1402 1247 1463 alam
1276 1402 1429 1464 Silianam

311 1501 394 1561 circa
431 1500 558 1560 Padurn
588 1506 736 1578 agentem
767 1505 969 1562 sacramento
1001 1499 1125 1561 Vitellii
1156 1501 1336 1561 accessisse.
1373 1501 1469 1564 Pron

311 1598 443 1660 consule
465 1599 634 1659 Vitellium
649 1598 763 1659 Siliani
777 1600 811 1659 in
826 1599 935 1660 Africa
949 1599 1145 1676 habuerant3
1167 1618 1245 1659 mox
1260 1618 1279 1657 a
1293 1599 1430 1674 Nerone,

313 1703 349 1757 ut
370 1698 404 1757 in
425 1698 609 1776 Aegyptum
631 1698 930 1775 praemitterentur,
953 1697 1046 1758 acciti
1068 1703 1100 1759 et
1120 1696 1165 1779 ob⁴
1182 1696 1307 1757 bellum
1323 1696 1352 1755 V
1355 1695 1432 1756 indi-

313 1796 357 1855 cis
379 1796 519 1856 revocati
534 1815 571 1855 ac
585 1800 656 1854 tum
671 1795 705 1855 in
720 1795 817 1855 Italia
832 1801 1015 1873 manentes,
1037 1796 1193 1856 instinctu
1207 1795 1432 1871 decurionum,

314 1895 370 1973 qui
402 1894 539 1954 Othonis
571 1894 688 1971 ignari,
720 1894 853 1955 Vitellio
886 1894 1030 1955 obstricti
1062 1894 1159 1955 robur
1186 1892 1432 1955 adventantium

313 1992 477 2069 legionum
506 1996 537 2052 et
565 1991 687 2052 famam
716 1992 900 2053 Germanici
927 1992 1086 2052 exercitus
1111 1990 1322 2068 attollebant,
1352 1996 1433 2052 tran·
1449 1998 1472 2051 lt

314 2092 392 2151 siere
414 2091 447 2150 in
470 2096 576 2169 partes
598 2095 630 2150 et
651 2095 687 2150 ut
709 2090 833 2150 donum
847 2091 981 2169 aliquod
995 2110 1080 2151 novo
1095 2090 1234 2169 principi
1249 2090 1433 2151 firmissima

314 2188 564 2266 Transpadanae
585 2189 722 2264 regionis
743 2188 938 2267 municipia,
960 2187 1184 2248 Mediolanum
1204 2206 1241 2248 ac
1260 2187 1434 2249 Novariam

315 2290 346 2346 et
367 2285 562 2365 Eporediam
584 2292 615 2347 et
637 2287 666 2345 V
668 2286 815 2363 ercellas,
837 2286 1023 2346 adiunxere.
1046 2285 1085 2345 Id
1107 2285 1263 2346 Caecinae
1277 2304 1336 2365 per
1350 2286 1434 2365 ipsos

315 2390 525 2462 compertum.
556 2384 597 2444 Et
626 2384 702 2462 quia
729 2383 889 2462 praesidio
918 2383 987 2444 alae
1015 2384 1113 2443 unius
1141 2382 1301 2443 latissima
1323 2383 1435 2443 Italiae

315 2502 388 2561 pars
410 2481 540 2542 defendi
562 2481 732 2560 nequibat.
753 2482 938 2560 praemissis
958 2480 1126 2542 Gallorum
1141 2481 1434 2560 Lusitanorumque
1450 2487 1474 2541 it

315 2585 347 2640 et
368 2580 598 2641 Britannorum
619 2579 805 2639 cohortibus
826 2584 859 2639 et
880 2579 1116 2639 Germanorum
1138 2577 1266 2640 vexillis
1289 2598 1364 2639 cum
1386 2578 1436 2639 ala

315 2681 480 2756 Petriana,
509 2680 578 2757 ipse
599 2678 735 2757 paulum
757 2683 928 2739 cunctatus
951 2683 1014 2755 est,
1036 2696 1116 2737 num
1139 2676 1277 2737 Raeticis
1298 2676 1383 2754 iugis
1403 2676 1436 2735 in

316 2778 470 2838 Noricum
502 2777 642 2838 flecteret
669 2774 823 2836 adversus
852 2776 1039 2835 Petronium
1068 2774 1225 2835 Urbicum
1253 2781 1436 2853 procurato-

316 2896 397 2954 rem,
426 2876 482 2955 qui
511 2876 645 2935 concitis
672 2874 803 2934 auxiliis
825 2878 857 2934 et
877 2874 1065 2952 interruptis
1086 2872 1262 2934 fluminum
1283 2873 1437 2952 pontibus
1464 2867 1466 2873 ’

316 2972 400 3032 fidus
427 2973 548 3033 Othoni
569 2971 753 3050 putabatur.
782 2972 844 3032 Sed
866 2977 972 3048 metu,
1000 2990 1040 3031 ne
1062 2971 1224 3031 amitteret
1244 2970 1437 3049 praemissas
1454 2978 1474 3030 a

316 3072 381 3130 iam
401 3071 546 3131 cohortes
561 3070 709 3149 alasque,
732 3070 830 3130 simul
844 3076 998 3148 reputans
1013 3068 1087 3148 plus
1101 3068 1221 3146 gloriae
1234 3072 1361 3129 retenta
1375 3067 1438 3128 Ita·

317 3170 376 3247 lia,
398 3172 432 3231 et
451 3169 648 3246 ubicumque
670 3173 829 3229 certatum
849 3167 947 3243 foret,
969 3166 1102 3226 Noricos
1117 3167 1151 3225 in
1166 3169 1270 3226 cetera
1285 3166 1438 3226 victoriae

356 3381 377 3430 1.
397 3377 557 3428 cossutianus
577 3376 598 3427 b.
620 3406 652 3413 —
672 3378 696 3429 3.
716 3394 792 3438 mox,
813 3383 842 3425 ut
861 3382 899 3425 est
917 3375 1009 3439 uolgus
1027 3373 1150 3424 mutabile
1168 3372 1272 3436 subitis,
1291 3379 1345 3423 tam
1365 3372 1441 3438 proni

317 3467 344 3517 in
370 3467 585 3530 misericordiam,
610 3483 687 3531 quam
713 3465 844 3516 immodici
867 3464 975 3515 saeuitia
998 3465 1102 3514 fuerant
1126 3462 1247 3513 Heracus
1271 3469 1300 3513 ut
1325 3470 1364 3513 est
1386 3478 1441 3513 mos

318 3558 410 3621 uulgus
429 3556 551 3606 mutabile
569 3555 659 3606 subitis
678 3564 703 3605 et
721 3563 775 3604 tarn
794 3571 904 3619 pronum
924 3553 950 3603 in
969 3552 1169 3603 misericordiam
1183 3568 1261 3617 quam
1273 3549 1440 3601 immodicum

318 3646 424 3697 saeuitia
442 3646 526 3696 luerat
546 3645 584 3695 ab.
612 3673 644 3681 -
664 3645 688 3695 5.
714 3643 832 3693 molliora
849 3642 956 3708 Lipa'aa
975 3641 1078 3691 mitiora
1096 3639 1194 3690 Novak.
1216 3668 1248 3677 —
1268 3638 1292 3691 9.
1314 3636 1441 3687 Silianam

318 3736 347 3799 cf.
373 3735 409 3785 ll.
438 3735 468 3785 17
495 3734 605 3784 silanum
630 3740 653 3783 ct
677 3750 730 3782 raca
755 3731 829 3781 silani
855 3750 871 3781 a
896 3730 917 3781 b.
945 3759 978 3767 —
1003 3730 1043 3781 12,
1072 3728 1145 3779 acciti
1163 3728 1253 3795 scripsi
1271 3726 1351 3777 exciti
1368 3726 1441 3793 culpo

318 3842 392 3944 {deiri
416 3912 432 3943 o
456 3894 562 3945 exact-iti
588 3894 609 3943 b.
636 3923 668 3931 -
694 3892 736 3943 21.
766 3894 806 3943 ala
831 3892 955 3943 Petriana
978 3891 1106 3957 Borclcirrq
1132 3889 1239 3940 Petrina
1263 3886 1361 3939 Sooillc
1384 3888 1442 3954 alpe

318 3983 409 4033 triaria
422 3984 453 4033 ab
468 3985 497 4046 cs.
513 3984 562 4033 lv.
578 3984 620 4035 49.
642 4012 674 4019 —
694 3981 736 4032 22.
757 3999 819 4032 num
835 3981 992 4031 Puteolanas
1002 3986 1030 4030 ut
1040 3979 1079 4029 ab.
1096 4008 1128 4016 -
1139 3977 1181 4030 23.
1202 3976 1330 4028 Urbicum
1339 3976 1442 4027 Freiria·

320 4073 385 4122 hrim
413 4072 470 4122 urbi
495 4072 527 4122 ab
550 4074 579 4137 cf.
605 4073 674 4122 Ann.
700 4072 749 4121 xl.
773 4072 814 4124 35.
842 4100 875 4107 -
900 4069 943 4121 26.
972 4069 1094 4119 simulare
1119 4075 1212 4133 putans
1237 4084 1254 4117 o
1278 4063 1312 4116 bl.
1340 4094 1372 4103 -
1398 4063 1459 4116 27(

318 4170 404 4211 cetera
422 4161 475 4211 cdd.
496 4178 545 4226 aeq.
569 4159 657 4221 Orell,
677 4168 746 4210 certa
765 4161 796 4209 ab
815 4159 896 4225 Nrpp.
916 4158 1018 4208 Mciscr.
