3409 4909
240 458 267 509 p.
286 441 336 493 Ch.
356 441 403 508 70)
467 466 471 472 ·
577 457 803 501 meronmnuu
826 440 882 501 IV.
904 439 1033 505 71-73.
1290 439 1365 532 4203

240 634 380 707 raptam,
412 627 487 706 quia
516 628 608 688 unius
638 628 732 688 noctis
759 647 877 688 rueram
902 626 1061 687 sutorium
1088 626 1249 687 attulerit?
1279 625 1366 687 Stare

240 725 277 787 in
314 724 443 805 coufiuio
476 724 657 786 Germaniae
687 725 837 804 intepram
868 725 964 785 sedem
994 725 1099 803 spoliis
1129 725 1308 785 exercituum
1338 732 1365 784 et

241 824 353 885 aum
379 822 516 884 caedimus
542 831 687 884 ouantem.
716 823 913 900 Rediperetur
938 823 1053 900 praeda
1080 823 1116 882 iu
1135 821 1261 901 fiscum:
1290 822 1366 901 ipsis

239 920 371 1000 sufficere
397 920 480 999 ipnes
507 928 533 981 et
561 920 675 981 rasilis
701 921 833 981 coloniae
860 920 984 996 ruinas,
1013 920 1119 998 quibus
1140 928 1180 980 tot
1201 928 1366 980 castrorum

203 1018 360 1083 emtam
399 1026 603 1096 pensarentur.
650 1017 782 1079 Cerialis
822 1022 913 1078 metu
955 1017 1124 1094 infamiae,
1167 1018 1194 1078 si
1235 1017 1367 1078 licentia

239 1115 441 1195 saevitiaque
478 1114 610 1176 inbuere
648 1115 787 1175 militem
825 1114 1022 1193 crederetur,
1063 1115 1179 1194 pressit
1216 1116 1295 1191 iras;
1333 1120 1366 1176 et

240 1231 393 1294 paruere,
420 1212 527 1291 posito
554 1213 676 1273 civium
703 1212 788 1273 bello
818 1212 860 1273 ad
881 1217 1014 1273 externa
1035 1212 1253 1274 modestiores.
1284 1213 1366 1274 Con·

240 1311 339 1374 vertit
375 1310 451 1372 inde
490 1311 615 1372 animos
651 1311 827 1373 accitarum
866 1330 883 1370 e
918 1310 1170 1372 Mediomatricis
1202 1311 1365 1388 legionum

240 1408 434 1471 miserabilis
471 1415 630 1488 aspectus.
668 1408 806 1470 Stabant
835 1409 1033 1470 conscientia
1063 1408 1177 1486 flagitii
1208 1415 1364 1485 maestae,

198 1516 225 1572 lo
241 1506 318 1568 lixis
341 1506 377 1566 in
396 1511 515 1568 terram
537 1507 655 1584 oculis;
684 1506 777 1567 nulla
797 1507 881 1568 inter
903 1511 1054 1568 coeuntes
1075 1507 1235 1568 exercitus
1255 1524 1366 1567 consa-

240 1604 374 1681 lutati0,
412 1623 517 1685 neque
554 1604 734 1666 solantibus
765 1604 1013 1666 hortantibusve
1044 1624 1197 1684 responsu
1228 1603 1365 1680 dabant,

241 1702 346 1764 abditi
377 1722 434 1782 per
462 1702 601 1764 tentoria
632 1708 664 1763 et
691 1702 797 1763 lucem
824 1702 931 1781 ipsam
959 1703 1107 1765 vitantes,
1139 1703 1205 1763 Nec
1233 1701 1366 1781 perinde

242 1799 423 1879 periculum
445 1805 503 1861 aut
522 1804 628 1861 metus
650 1818 749 1880 quam
770 1799 876 1878 pudor
890 1819 927 1860 ac
943 1799 1081 1860 dedecus
1096 1799 1365 1878 obstupefecerat,
1409 1804 1412 1809 '

199 1933 203 1954 .
244 1897 390 1959 attonitis
412 1898 509 1958 etiam
531 1897 723 1974 victoribus,
745 1898 802 1977 qui
816 1917 929 1958 vocem
944 1916 1117 1977 precesque
1132 1896 1285 1958 adhibere
1300 1916 1365 1958 non

245 1996 313 2057 ausi
341 1995 483 2057 lacrimis
512 2014 548 2056 ac
576 1994 704 2057 silentio
733 1994 863 2055 veniam
889 1994 1080 2074 poscebant,
1110 1993 1211 2055 donec
1233 1993 1366 2055 Cerialis

236 2094 401 2175 ¹mulceret
420 2094 562 2172 animos,
590 2092 656 2154 fato
678 2097 750 2153 acta
771 2092 941 2168 dictitans,
963 2111 1046 2172 quae
1066 2092 1209 2153 militum
1232 2092 1366 2153 ducum-

249 2210 306 2271 que
327 2190 488 2252 discordia
509 2190 561 2253 vel
581 2190 695 2251 fraude
714 2190 858 2252 hostium
881 2190 1079 2252 evenissent:
1107 2190 1251 2269 primum
1272 2190 1366 2250 illum

251 2287 479 2368 stipendiorum
503 2293 536 2350 et
556 2288 749 2349 sacramenti
772 2287 858 2347 diem
880 2287 1052 2365 haberent;
1081 2288 1227 2367 priorum
1248 2288 1367 2349 facino·

252 2403 317 2446 rum
344 2405 449 2465 neque
476 2385 704 2465 imperatorem
731 2405 835 2464 neque
857 2404 890 2445 se
912 2386 1105 2446 meminisse.
1134 2386 1225 2446 Tunc
1247 2385 1367 2464 recepti

255 2481 284 2543 in
309 2483 422 2545 eadem
454 2488 573 2561 castra,
605 2490 638 2545 et
668 2483 809 2544 edictum
842 2502 899 2561 per
930 2483 1132 2562 manipulos,
1164 2502 1204 2543 ne
1232 2482 1305 2562 quis
1333 2482 1367 2541 in

257 2582 419 2642 certamine
438 2581 582 2659 iurgiove
603 2581 794 2642 seditionem
816 2585 874 2641 aut
894 2580 1019 2641 cladem
1036 2580 1251 2641 commilitoni
1265 2580 1367 2641 obiec-

258 2680 334 2741 aas.
364 2680 443 2740 Mox
470 2680 623 2741 Treveros
652 2697 688 2739 ac
714 2678 876 2756 Lingonas
898 2677 939 2738 ad
961 2679 1146 2740 contionem
1167 2684 1297 2740 vocatos
1320 2678 1366 2738 ita
1381 2681 1421 2746 73

260 2774 447 2856 adloquitur:
475 2778 576 2857 Neque
596 2797 647 2855 epo
668 2797 815 2856 umquam
831 2777 1018 2854 facundiam
1037 2778 1165 2850 exacui,
1194 2786 1221 2836 et
1237 2776 1369 2854 populus

262 2870 402 2936 hmanas
430 2875 571 2936 uirtutem
600 2875 695 2935 armis
726 2875 899 2953 affirmauit.
940 2874 999 2935 Sed
1029 2874 1175 2952 quoniam
1206 2872 1290 2952 apud
1321 2892 1370 2934 uos

262 2971 525 3052 cumplurimum
552 2973 652 3033 vemt
678 2972 812 3052 ternaque
839 2992 875 3032 ac
899 2972 985 3031 mala
1005 2991 1066 3031 uou
1086 2991 1142 3031 sua
1162 2980 1292 3048 nutura,
1319 2970 1369 3031 sed

262 3070 359 3132 vmbris
384 3070 589 3132 seditiosorum
616 3071 832 3144 aestimantur,
865 3069 960 3129 statui
985 3089 1086 3147 pastea
1113 3069 1265 3146 disserere,
1293 3088 1369 3148 quae

261 3168 405 3245 proflipato
442 3167 516 3229 bello
553 3167 661 3229 utilius
690 3168 729 3229 sit
759 3166 838 3228 uobis
868 3166 987 3227 audisse
1016 3186 1110 3245 quam
1140 3166 1224 3227 uobis
1254 3165 1368 3226 dixisse.

269 3258 372 3326 Terram
409 3275 535 3327 uestram
572 3274 787 3344 ceterorumque
827 3263 990 3324 Gallorum
1025 3264 1151 3341 inpressi
1184 3273 1253 3325 suut
1284 3264 1370 3323 duces

267 3353 493 3442 imperatoresque
522 3363 656 3424 Romani
686 3363 778 3424 nulia
808 3362 963 3441 cupidine,
995 3362 1044 3422 sed
1074 3360 1240 3422 maioribus
1269 3360 1370 3421 uestris

268 3450 466 3539 amantibus,
494 3481 565 3540 quos
592 3461 759 3523 discordiae
785 3479 877 3539 usque
903 3459 944 3519 ad
971 3458 1096 3519 exitium
1119 3458 1315 3536 fatipabaut:
1343 3465 1370 3517 et

270 3556 338 3617 cust
361 3559 477 3620 auxilio
508 3557 655 3620 Gamaui
682 3558 767 3620 sociis
792 3558 908 3637 pariter
935 3566 1024 3635 atque
1053 3556 1182 3617 hostibus
1202 3555 1370 3617 seruitutem

272 3693 409 3714 *-

297 3791 315 3843 3.
338 3796 440 3865 ducum]
469 3800 501 3848 cis
524 3796 554 3847 F.
585 3826 617 3833 —
643 3798 668 3849 5.
697 3793 810 3865 ameltu
835 3794 858 3845 F
883 3791 1055 3863 (clementia)
1081 3810 1114 3843 au
1140 3800 1210 3844 metu
1235 3791 1307 3858 Lips.
1348 3821 1369 3827 -

197 3895 199 3901 '
274 3872 302 3928 10·
316 3885 463 3937 consultatio
480 3885 511 3936 F.
532 3914 565 3923 -
577 3883 618 3937 12.
638 3883 745 3951 perinde
754 3883 899 3934 Beroaldus
909 3882 1017 3948 proinde
1026 3882 1056 3933 F.
1076 3912 1110 3919 -
1122 3882 1163 3932 14.
1183 3868 1273 3948 ᾗοθεᾳ;
1293 3881 1324 3931 F.
1337 3910 1370 3917 —

202 4038 208 4046 .
273 3956 395 4024 ituimn
413 3974 445 4025 F.
465 4002 498 4009 —
517 3972 560 4025 23.
580 3972 691 4039 populus
709 3972 844 4022 Romanus
862 3970 943 4037 Nipp.
963 3970 1052 4037 populi
1064 3970 1166 4021 romani
1178 3969 1209 4021 F.
1229 3970 1315 4020 -24,
1335 3969 1371 4019 nf-

197 4046 202 4053 ’
273 4047 363 4113 &aaut
385 4060 420 4114 1²1
444 4063 465 4130 (t
489 4060 536 4113 del.
563 4064 617 4126 est).
647 4090 680 4098 —
705 4060 830 4127 quoniam
856 4060 871 4110 b
896 4062 914 4125 a
938 4060 960 4109 F
986 4061 1016 4122 ej.
1041 4077 1061 4110 c.
1082 4060 1098 4111 ἶ)
1118 4063 1179 4124 (que
1196 4058 1371 4125 resperseripsit

275 4152 299 4192 ffl-
311 4146 341 4212 2).
359 4182 390 4190 -
410 4150 454 4204 26.
473 4150 627 4202 estimantur
645 4151 668 4202 F
686 4152 725 4215 (es
744 4167 771 4200 ce
789 4166 822 4201 ex
840 4166 903 4201 carr.
923 4148 977 4213 est).
