3409 4909
311 468 350 529 60
737 486 877 531 conulem
899 486 1010 529 raorrr
1280 474 1318 538 (a.
1339 489 1365 523 u.
1384 470 1436 525 822

310 675 329 717 a
355 655 454 717 latere
483 656 569 717 saxis
597 660 723 733 urgeret
744 661 821 735 apta
842 654 884 716 ad
905 654 1089 716 iaciendum
1110 655 1208 716 etiarn
1230 674 1433 735 paganorum

309 772 442 831 manus,
464 754 520 833 qui
541 754 643 832 sparsi
664 753 748 813 inter
768 753 904 830 milites,
927 754 1050 815 strenui
1071 753 1262 832 ignavique,
1283 752 1319 813 in
1337 752 1432 813 victo

309 851 356 911 ria
377 849 464 911 idem
485 850 657 912 audebant.
681 850 821 912 Additus
841 851 997 931 perculsis
1017 857 1118 913 terror
1138 851 1269 912 invecta
1288 850 1326 910 in
1347 854 1432 927 terga

309 949 525 1028 pugnantium
556 949 665 1011 classe.
697 950 750 1010 Ita
780 949 925 1029 undique
953 949 1070 1026 clausi,
1102 947 1292 1028 deletaeque
1322 965 1430 1009 omncs

309 1046 420 1125 copiae
447 1046 567 1125 forent,
595 1047 630 1108 ni
657 1047 812 1109 victorem
840 1048 1018 1109 exercitum
1046 1047 1231 1108 attinuisset
1256 1046 1455 1111 obscurumt

257 1146 294 1206 15
309 1144 428 1221 noctis,
450 1144 597 1205 obtentui
612 1143 818 1221 fugientibus,
841 1145 907 1206 Nec
923 1144 1104 1223 Vitelliani,
1120 1163 1325 1224 quamquam
1339 1143 1427 1220 victi,

309 1242 473 1320 quievere:
496 1242 606 1303 accitis
627 1242 759 1303 auxiliis
780 1261 929 1304 securum
951 1244 1078 1304 hostem
1100 1261 1137 1303 ac
1158 1260 1425 1303 successurorum

309 1339 473 1401 socordius
494 1345 642 1417 agentem
661 1340 832 1402 invadunt.
863 1341 955 1402 Caesi
976 1339 1105 1419 vigiles,
1135 1345 1290 1420 perrupta
1313 1344 1422 1415 castra,

308 1437 507 1517 trepidatum
528 1439 614 1518 apud
637 1439 745 1517 navis,
767 1438 869 1500 donec
891 1437 1015 1500 sidente
1036 1438 1195 1519 paulatim
1210 1444 1319 1514 metu,
1342 1457 1422 1499 occu·

308 1542 386 1617 pato
406 1536 500 1597 iuxta
521 1536 602 1598 colle
623 1536 762 1614 defensi,
783 1556 863 1597 mox
883 1537 1034 1617 irrupere.
1056 1537 1161 1597 Atrox
1181 1535 1228 1597 ibi
1249 1535 1378 1614 caedes,
1396 1538 1421 1596 et
1433 1543 1455 1600 lt

309 1635 511 1712 Tungrarum
539 1634 722 1696 cohortium
738 1623 918 1713 'praefecti‚
950 1639 1129 1696 sustentata
1157 1632 1213 1694 diu
1243 1634 1328 1711 acie,
1359 1631 1418 1695 telis

308 1732 498 1794 obruuntur.
531 1734 578 1794 Ne
610 1732 802 1794 Othonianis
834 1732 966 1812 quidem
995 1733 1163 1793 incruenta
1190 1732 1327 1794 victoria
1354 1730 1417 1805 fuit,

309 1850 447 1910 quorum
475 1831 644 1910 inprovide
671 1837 797 1893 secutos
825 1831 972 1892 conversi
993 1830 1117 1910 equites
1138 1830 1416 1891 circumvenerunt.

308 1928 356 1988 Ac
377 1927 467 1988 velut
487 1929 590 2006 pactis
611 1927 762 2005 indutiis,
784 1948 824 1988 ne
845 1927 922 1988 hinc
936 1928 1063 2003 classis,
1084 1925 1160 1987 inde
1175 1946 1274 2006 eques
1289 1926 1416 1987 subitam

309 2024 515 2086 formidinem
536 2025 704 2103 inferrent,
726 2024 895 2086 Vitelliani
915 2029 999 2086 retro
1021 2024 1219 2103 Antipolim,
1243 2024 1415 2085 Narbonen·
1429 2037 1451 2092 15

309 2123 352 2183 sis
383 2122 507 2183 Galliae
538 2123 770 2202 municipium,
810 2122 987 2185 Othoniani
1017 2122 1239 2200 Albigaunum
1270 2120 1415 2183 interioris

309 2220 456 2297 Liguriae
477 2226 643 2282 revertere.
1269 2258 1274 2266 ·

256 2321 294 2381 16
349 2317 511 2379 Corsicam
540 2338 576 2379 ac
604 2318 786 2380 Sardiniam
816 2325 1000 2399 ceterasque
1024 2318 1165 2399 proximi
1186 2317 1286 2379 maris
1307 2315 1416 2379 insulas

212 2490 215 2496 ¹
309 2415 397 2476 fama
424 2416 564 2477 victricis
586 2416 696 2477 classis
717 2418 752 2477 in
772 2416 919 2496 partibus
941 2416 1078 2479 Othonis
1099 2417 1205 2477 tenuit
1212 2435 1220 2492 3
1250 2415 1307 2477 sed
1329 2412 1417 2477 Corsi·

309 2533 380 2574 cam
408 2534 508 2593 prope
536 2514 664 2575 adflixit
692 2514 828 2576 Decumi
856 2515 980 2575 Pacarii
1008 2514 1224 2594 procuratoris
1249 2514 1455 2587 temeritas‚2u

309 2616 401 2673 tanta
427 2611 514 2673 mole
538 2612 616 2673 belli
638 2613 720 2673 nihil
740 2614 775 2673 in
796 2632 959 2674 summam
980 2612 1164 2692 profutura,
1192 2611 1256 2690 ipsi
1270 2610 1418 2684 exitiosa:

307 2729 450 2790 namque
485 2710 622 2772 Othonis
653 2710 728 2772 odio
757 2711 870 2773 iuvare
902 2710 1072 2772 Vitellium
1100 2710 1277 2771 Corsorum
1308 2708 1420 2771 viribus
1466 2701 1469 2784 j

309 2810 438 2887 statuit,
460 2809 549 2869 inani
571 2809 709 2887 auxilio,
731 2810 829 2870 etiam
851 2810 879 2870 si
900 2809 1108 2888 provenisset.
1131 2808 1264 2869 Vocatis
1277 2803 1421 2887 principi·

308 2906 369 2966 bus
389 2906 515 2967 insulae
536 2907 708 2967 consilium
729 2908 833 2986 aperit
853 2913 885 2969 et
899 2911 1010 2968 contra
1024 2906 1128 2967 dicere
1143 2922 1239 2967 ausos
1254 2903 1422 2967 Claudium

309 3003 516 3083 Pyrrhicum,
538 3004 749 3066 trierarchum
765 3004 1013 3066 Liburnicarum
1027 3004 1073 3065 ibi
1087 3004 1238 3081 navium,
1257 3002 1424 3074 Quintium
1437 3017 1461 3073 us

309 3102 456 3179 Certum,
485 3103 627 3181 equitem
649 3103 849 3180 Romanum,
876 3103 1013 3163 interfici
1033 3101 1131 3163 iubet.
1158 3101 1307 3172 Quorum
1328 3103 1425 3162 morto

308 3199 467 3275 exterriti,
497 3200 553 3280 qui
581 3199 730 3278 aderant,
759 3201 858 3261 simul
884 3201 995 3278 ignara
1023 3206 1056 3261 et
1083 3199 1180 3261 alieni
1207 3204 1317 3261 metus
1345 3198 1425 3261 socia

307 3297 534 3376 imperitorum
554 3298 665 3375 turba,
686 3297 721 3358 in
742 3298 839 3358 verba
860 3298 985 3359 Vitellii
1004 3298 1159 3359 iuravere.
1180 3296 1244 3359 Sed
1261 3296 1320 3359 ubi
1336 3297 1426 3359 dilec-

308 3400 380 3456 tum
407 3414 498 3472 agere
527 3395 677 3455 Pacarius
705 3400 737 3455 et
762 3395 944 3457 inconditos
970 3394 1117 3457 homines
1138 3395 1272 3473 fatigare
1293 3395 1426 3457 militiae

307 3492 496 3554 muneribus
527 3494 667 3573 occepit,
698 3493 842 3554 laborem
873 3493 1042 3555 insolitum
1073 3493 1177 3574 perosi
1204 3493 1466 3565 infirmitatemet

308 3609 401 3650 suam
429 3591 639 3669 reputabant:
667 3590 810 3651 insulam
831 3610 915 3668 esse,
944 3611 1043 3670 quam
1063 3590 1255 3668 incolerent,
1281 3596 1315 3652 et
1336 3590 1426 3668 longe

309 3688 517 3749 Germaniam
541 3687 689 3768 viresque
710 3688 890 3766 legionum3
919 3687 1060 3767 direptos
1082 3692 1289 3766 vastatosque
1312 3688 1426 3765 classe,

343 3912 367 3962 4.
387 3909 452 3963 o'niis
462 3914 492 3964 F.
510 3943 543 3950 -
554 3913 578 3966 6.
594 3914 700 3965 obtenui
710 3916 740 3966 F.
758 3944 791 3953 -
802 3916 826 3967 9.
840 3915 938 3966 sidente
948 3916 978 3966 F.
990 3946 1023 3953 -
1036 3916 1076 3967 11.
1087 3915 1253 3981 Tungrorum
1266 3913 1384 3984 Spengel.
1395 3943 1426 3954 -

310 4000 350 4051 14.
369 4017 417 4051 nec
435 4000 477 4051 Fl.
499 4032 531 4038 —
551 3999 594 4053 21.
614 4020 741 4053 summam
760 4003 841 4055 Rhea.
862 4010 935 4054 suma
953 4005 984 4055 F.
1005 4034 1038 4042 —-
1057 4003 1099 4055 22.
1119 4021 1204 4070 nanq3
1224 4004 1254 4056 F.
1275 4033 1310 4043 -·
1328 4004 1425 4072 iuvare]

307 4089 432 4140 Iurnuere
450 4090 480 4141 F.
510 4120 539 4127 —
558 4088 601 4144 25.
621 4092 743 4157 phyrricu
762 4092 792 4143 F.
814 4122 846 4130 -
866 4091 908 4145 28.
931 4092 1092 4158 imperatorii
1109 4092 1139 4143 F.
1161 4122 1194 4130 -
1213 4090 1256 4145 29.
1277 4091 1426 4159 picariirsF

308 4178 437 4243 (delatum
455 4180 509 4246 cst).
