3409 4909
328 475 368 535 96
756 476 896 537 eorunm
918 493 1029 535 raeiri
1298 482 1333 545 (a.
1355 498 1380 531 u.
1400 479 1454 534 822

329 661 456 738 agmine
477 661 703 740 sequebantur.
726 660 870 721 Classem
892 682 908 746 e
926 662 1029 723 Ponto
1046 662 1237 741 Byzantium
1253 662 1340 741 adigi
1353 663 1455 725 iusse-

329 764 393 835 rat,
425 760 596 836 ambiguus
627 759 769 837 consilii,
801 779 881 820 num
913 760 1032 820 omissa
1060 759 1182 820 Moesia
1210 760 1455 839 Dyrrhachium

329 854 436 934 pedite
457 861 555 935 atque
576 857 699 936 equite,
721 856 820 916 simul
840 856 944 933 longis
967 857 1104 918 naribus
1125 877 1253 918 versum
1269 858 1304 918 in
1320 857 1455 919 Italiam

328 974 416 1015 mare
448 954 626 1032 clauderet,
658 959 730 1015 tuta
761 974 845 1033 pone
874 960 1000 1031 tergum
1027 954 1152 1015 Achaia
1180 956 1337 1035 Asiaque,
1356 975 1454 1035 ‚quas

328 1052 466 1113 inermes
497 1054 617 1132 exponi
648 1052 797 1130 Vitellio,
835 1053 870 1113 ni
902 1052 1069 1131 praesidiis
1102 1053 1307 1115 firmarentur
1314 1074 1322 1131 3
1355 1059 1488 1133 atque5

329 1151 437 1230 ipsum
459 1150 628 1212 Vitellium
650 1152 684 1212 in
705 1152 827 1212 incerto
848 1150 930 1228 fore,
946 1170 1050 1229 quam
1074 1156 1200 1229 partem
1217 1151 1332 1212 Italiae
1348 1157 1454 1230 prote·

328 1253 431 1326 geret,
460 1249 487 1309 si
514 1249 576 1309 sibi
604 1248 813 1309 Brundisium
842 1240 1084 1328 Tarentumque
1110 1254 1142 1309 et
1163 1249 1330 1310 Calabriae
1353 1251 1454 1311 Luca-

274 1346 466 1425 alutaeque
497 1345 593 1406 litora
623 1346 748 1407 infestis
776 1345 932 1407 classibus
961 1352 1154 1425 peterentur.
1187 1348 1289 1423 Igitur
1317 1348 1454 1409 navium

328 1443 473 1505 militum
495 1438 659 1504 armorum
675 1449 792 1523 paratu
807 1449 946 1522 strepere
960 1445 1153 1522 provinciae.
1176 1444 1238 1507 Sed
1252 1444 1336 1505 nihil
1351 1465 1454 1525 aeque

329 1541 485 1619 fatigabat
506 1562 604 1621 quam
625 1543 837 1621 pecuniarum
860 1543 1068 1621 conquisitio:
1091 1562 1144 1603 eos
1166 1562 1234 1604 esse
1255 1543 1333 1603 belli
1348 1544 1453 1604 civilis
1473 1555 1503 1609 10

329 1660 443 1701 nervos
466 1640 618 1701 dictitans
639 1640 826 1717 Mucianus,
847 1660 914 1701 non
935 1641 986 1701 ius
1008 1646 1064 1701 aut
1085 1659 1198 1701 verum
1213 1641 1247 1701 in
1263 1642 1453 1719 cognitioni-

329 1739 406 1816 bus,
444 1738 500 1799 sed
538 1739 641 1799 solam
678 1738 937 1816 magnitudinem
975 1758 1075 1817 opum
1114 1738 1289 1817 spectabat.
1328 1740 1452 1800 Passim

329 1836 522 1911 delationes,
551 1840 583 1895 et
610 1835 883 1915 locupletissimus
912 1836 1048 1915 quisque
1073 1836 1107 1896 in
1128 1834 1282 1914 praedam
1304 1838 1444 1916 correpti

330 1934 419 2005 Quae
434 1934 544 2010 gravia
558 1939 655 2011 atque
669 1934 886 2009 intoleranda,
901 1934 957 1995 sed
974 1934 1162 1995 necessitate
1176 1918 1342 1995 armorum
1357 1953 1453 1996 exeu-

329 2038 414 2109 sata,
443 2032 540 2092 etiam
568 2032 602 2092 in
628 2051 707 2110 paee
734 2051 896 2109 mansere,
924 2032 996 2111 ipso
1025 2031 1224 2110 Vespasiano
1251 2032 1334 2092 inter
1358 2032 1453 2092 initia
1472 2046 1500 2098 15

329 2130 457 2209 imperii
485 2129 526 2189 ad
554 2129 746 2191 obtinendas
773 2130 961 2209 iniquitates
986 2128 1076 2189 haud
1097 2129 1230 2208 perinde
1251 2129 1452 2207 obstinante,

330 2226 431 2287 donec
451 2226 654 2304 indulgentia
674 2227 822 2287 fortunae
844 2232 876 2288 et
897 2228 1005 2306 pravis
1027 2227 1188 2305 magistris
1209 2226 1324 2287 didicit
1340 2246 1453 2289 ausus·

330 2344 392 2402 que
426 2330 483 2386 est.
515 2325 656 2404 Propriis
687 2343 816 2405 quoque
847 2325 963 2404 opibus
995 2326 1166 2386 Mucianus
1196 2325 1320 2386 bellum
1333 2364 1338 2377 .
1352 2326 1452 2404 iuvit,

330 2421 436 2499 largus
465 2422 634 2500 privatim,
662 2442 727 2502 quo
751 2422 879 2483 avidius
901 2422 941 2483 de
962 2442 995 2483 re
1016 2422 1148 2502 publiea
1169 2428 1318 2484 sumeret.
1347 2423 1453 2484 Ceteri

330 2520 596 2581 conferendarum
635 2521 846 2599 pecuniarum
885 2520 1073 2599 exemplum
1112 2521 1229 2581 secuti:
1267 2521 1452 2581 rarissimus
1470 2536 1503 2591 20

330 2619 467 2697 quisque
488 2618 625 2679 eandem
646 2619 680 2679 in
701 2618 909 2698 reciperando
930 2616 1095 2680 licentiain
1117 2619 1309 2679 habuerunt.

263 2697 315 2779 ,85
370 2715 560 2776 Adcelerata
597 2716 727 2777 interim
766 2714 957 2795 Vespasiani
991 2720 1106 2794 coepta
1136 2715 1260 2795 illyrici
1290 2717 1452 2778 exercitus

330 2813 454 2890 studio,
483 2814 671 2891 transgressi
696 2813 730 2874 in
751 2819 868 2892 partes.
898 2813 1006 2874 Tertia
1026 2814 1108 2891 legio
1130 2813 1318 2893 exemplum
1340 2815 1452 2875 ceteris

330 2911 470 2972 Moesiae
498 2911 677 2988 legionibus
704 2911 870 2990 praebuit:
899 2917 1013 2973 octava
1040 2916 1109 2972 erat
1136 2931 1173 2972 ae
1199 2912 1337 2991 septima
1359 2912 1453 2973 Clau-

331 3009 443 3086 diana,
472 3009 605 3070 inbutae
633 3010 743 3072 favore
771 3009 925 3087 Othonis,
955 3010 1105 3088 quamvis
1126 3009 1247 3088 proelio
1268 3029 1335 3071 non
1356 3011 1452 3071 inter·
1471 3028 1503 3082 25

329 3107 475 3168 fuissent.
504 3106 689 3186 Aquileiam
713 3127 914 3187 progressae,
943 3108 1155 3186 proturbatis,
1184 3107 1301 3188 quide
1323 3108 1452 3170 Othone

235 3256 237 3260 ,
329 3204 541 3281 nuntiabant,
569 3204 781 3284 laceratisque
808 3204 937 3267 vexillis
962 3224 1081 3267 nomen
1102 3205 1226 3266 Vitellii
1247 3205 1453 3285 praeferenti-

329 3302 406 3380 bus,
439 3306 532 3381 rapta
561 3307 724 3381 postremo
756 3304 894 3382 pecunia
925 3309 957 3364 et
987 3303 1072 3364 inter
1098 3322 1132 3363 se
1160 3303 1264 3366 divisa
1291 3302 1453 3364 hostiliter

328 3404 467 3477 egerant.
498 3400 591 3461 Unde
604 3406 718 3462 metus
739 3406 771 3461 et
792 3421 832 3462 ex
853 3406 944 3462 metu
965 3401 1153 3462 consilium:
1182 3420 1275 3480 posse
1295 3401 1453 3480 imputari

328 3497 545 3576 Vespasiano,
574 3517 658 3577 quae
678 3498 767 3577 apud
788 3497 959 3559 Vitellium
980 3499 1165 3560 excusanda
1186 3504 1287 3560 erant.
1314 3500 1368 3560 Ita
1389 3504 1452 3560 tres
1471 3520 1505 3575 30

330 3594 488 3656 Moesicae
508 3595 648 3672 legiones
670 3615 727 3674 per
747 3595 902 3675 epistulas
924 3596 1110 3657 alliciebant
1123 3597 1349 3657 Pannonicum
1365 3616 1453 3657 exer-

328 3692 432 3752 citum
464 3698 522 3754 aut
552 3694 708 3755 abnuenti
739 3694 805 3755 vim
838 3694 1006 3773 parabant.
1039 3694 1079 3754 In
1094 3740 1096 3744 s
1110 3713 1147 3755 eo
1178 3700 1271 3756 motu
1288 3679 1453 3773 ¹Aponius

365 3930 390 3979 4.
411 3928 485 3995 quasi
498 3925 501 3998 Ι
513 3928 624 3980 inermes
641 3929 672 3980 F.
696 3959 725 3965 -·
746 3929 770 3980 7.
790 3927 847 3995 sibi]
868 3928 944 3978 simul
959 3927 1041 3979 Rhea.
1062 3958 1096 3965 -
1109 3927 1134 3979 8.
1153 3927 1233 3978 Inlito
1246 3924 1249 3997 l
1261 3944 1292 3978 ra
1303 3927 1334 3977 F.
1356 3956 1388 3963 —
1411 3927 1451 3979 15.

331 4017 492 4084 Vespasiano
512 4020 537 4078 (o
556 4036 584 4068 ex
602 4035 619 4068 u
638 4017 711 4084 corr.)
730 4018 761 4068 F.
782 4047 814 4054 —
836 4018 877 4070 16.
896 4017 971 4083 perin
990 4017 1021 4069 F.
1042 4047 1075 4054 -
1096 4017 1136 4068 17.
1156 4016 1218 4067 dicit
1237 4017 1267 4067 F.
1287 4045 1320 4053 —
1339 4015 1380 4068 19.
1400 4032 1452 4081 quo

331 4106 448 4157 Muretus
464 4106 534 4172 quod
544 4106 574 4157 F.
595 4136 626 4144 -
637 4105 680 4161 20.
700 4106 807 4172 pecunia
817 4106 847 4157 F.
869 4136 901 4142 -—
913 4104 956 4158 23.
976 4105 1068 4156 studio.
1084 4104 1256 4171 Transgressa
1267 4104 1396 4172 Agricola.
1417 4134 1451 4141 —

328 4195 372 4248 31.
393 4196 452 4247 allio
464 4192 467 4265 l
479 4195 567 4246 lebant
586 4196 616 4247 F.
