3409 4909
274 473 301 522 r·
322 458 372 510 Ch.
394 459 440 523 69)
618 476 846 520 Hrsroamauru
868 460 912 519 ΙΙ.
935 460 1063 524 76-80.
1363 462 1402 522 93
1472 460 1475 466 ’

281 644 389 722 palam
411 645 570 707 habuerit.
593 646 813 707 Recursabant
834 646 943 708 animo
962 652 1070 708 vetera
1085 648 1211 708 omina:
1233 667 1402 728 cupressus

284 740 374 803 arbor
394 742 428 802 in
451 742 534 820 agris
555 743 639 819 eiua,
662 744 836 823 conspicua
858 744 1048 821 altitudine,
1069 751 1199 824 repente
1221 747 1402 825 prociderat

289 858 320 899 ac
349 845 476 920 postera
507 840 559 902 die
590 840 703 902 eodem
733 842 868 920 vestigio
896 860 1062 919 resurgens
1090 862 1221 922 procera
1248 849 1279 905 et
1307 845 1403 905 latior

291 937 420 1016 rirebat3
448 939 568 1017 grande
596 939 630 999 id
658 959 912 1020 prosperumque
937 960 1094 1002 consensu
1116 942 1342 1021 haruspicum,
1371 948 1402 1004 ct

273 1039 410 1096 isumma
447 1037 607 1099 claritudo
644 1038 755 1100 iuveni
794 1038 971 1099 admodum
1004 1039 1202 1117 Vespasiano
1234 1041 1401 1118 promissa.

300 1129 349 1192 Sed
373 1135 476 1214 primo
504 1121 716 1215 triumphalia
743 1142 776 1197 et
797 1135 949 1197 Iudaicae
970 1136 1122 1197 victoriae
1143 1136 1241 1198 decus
1262 1138 1402 1217 inplesse

247 1223 249 1228 ’
303 1227 380 1291 fidem
407 1233 524 1294 ominis
550 1232 735 1294 videbatur:
763 1238 801 1294 ut
821 1234 901 1294 haec
922 1233 1059 1312 adeptus
1081 1239 1142 1311 cst,
1172 1234 1319 1313 portendi
1341 1235 1402 1295 sibi

306 1326 455 1408 imperium
476 1330 634 1392 credebat.
657 1332 715 1392 Est
736 1330 892 1391 Iudaeam
912 1331 997 1392 inter
1014 1331 1204 1411 Syriamque
1219 1332 1401 1399 Carmelus:

309 1424 342 1485 ita
357 1433 466 1489 vocant
487 1432 632 1489 montem
653 1428 823 1506 deumque.
847 1429 913 1489 Nec
934 1428 1145 1489 simulacrum
1166 1430 1226 1490 deo
1248 1435 1305 1491 aut
1323 1435 1403 1491 tem-

274 1521 457 1599 aplanen
479 1525 638 1587 tradidere
660 1526 811 1601 maiores,
834 1545 889 1586 ara
910 1530 1041 1587 tantum
1062 1532 1094 1587 et
1114 1528 1300 1588 reverentia.
1330 1527 1402 1589 Illic
1457 1522 1461 1531 ’

313 1622 475 1684 saonficanti
504 1623 717 1702 Vespasium,
744 1643 820 1684 cum
848 1643 921 1703 spes
943 1624 1085 1685 occultas
1107 1630 1247 1686 versaret
1275 1627 1401 1703 animo,

314 1715 439 1781 Basilides
474 1720 620 1782 sacerdos
652 1721 804 1800 inspectis
835 1721 1013 1782 identidem
1046 1722 1129 1782 extis
1166 1722 1316 1801 Quicquid
1346 1732 1402 1799 eat,

314 1812 405 1896 inquit,
444 1820 656 1899 ,Veapaaicae,
695 1820 773 1897 qaod
809 1840 919 1898 parua,
957 1840 1008 1880 aea
1042 1820 1164 1880 mam
1194 1829 1324 1882 extruere
1353 1842 1404 1882 aea

313 1916 437 1989 prolatore
478 1937 565 1995 aproa
605 1919 665 1978 aive
705 1919 855 1996 ampliare
891 1918 1031 1993 cervilia,
1073 1918 1166 1979 datur
1201 1919 1255 1979 tibi
1290 1940 1404 1999 meque

272 2003 382 2093 llario,
415 2018 549 2095 inperitae
587 2016 723 2094 termini,
762 2017 893 2077 maltum
930 2016 1104 2077 homiaam'.
1145 2017 1215 2078 Has
1253 2018 1403 2095 ambages

315 2113 335 2168 a
354 2114 452 2174 statim
480 2119 650 2194 exceperat
674 2114 762 2175 fama
783 2120 815 2176 et
836 2120 913 2176 tunc
936 2115 1114 2194 aperiebat:
1143 2114 1403 2195 necquidquam

314 2212 387 2287 magh
405 2214 439 2273 in
460 2232 513 2274 ore
534 2212 635 2290 volgi3
658 2213 830 2274 crebriores
851 2213 940 2293 apud
957 2214 1066 2293 ipsum
1081 2232 1259 2291 sermones,
1282 2218 1403 2291 quanto

314 2312 485 2383 sperantibus
517 2311 611 2390 plura
642 2311 802 2372 dicuntur.
835 2311 936 2371 Haud
967 2311 1066 2372 dubia
1097 2311 1312 2372 destinatione
1341 2310 1403 2370 dis·
1418 2323 1457 2385 79

314 2419 418 2488 cessere,
440 2409 612 2470 Mucianus
633 2409 859 2487 Antiochiam,
882 2409 1099 2488 Vespasianus
1121 2409 1325 2469 Caesaream:
1347 2408 1404 2467 illa

281 2579 286 2588 Ι
315 2497 410 2585 Syriae,
431 2508 493 2569 hoc
515 2507 654 2568 Iudaeae
675 2511 774 2587 caput
795 2512 851 2568 est.

340 2600 458 2665 Initium
480 2605 604 2666 ferendi
625 2605 666 2665 ad
688 2605 925 2683 Vespasianum
939 2604 1067 2683 imperii
1083 2603 1298 2665 Alexandriae
1313 2621 1405 2681 coep-

314 2698 375 2780 tum,
394 2702 564 2764 festinante
585 2702 712 2763 Tiberio
735 2702 937 2780 Alexandro,
959 2703 1015 2782 qui
1030 2701 1178 2762 kalendis
1193 2699 1287 2761 Iuliis
1302 2720 1404 2761 sacra-

276 2787 279 2792 ’
314 2803 394 2861 nento
414 2800 482 2861 eius
504 2799 643 2877 legiones
665 2799 784 2877 adegit,
807 2799 899 2878 isque
920 2801 1044 2878 primus
1066 2799 1266 2878 principatus
1288 2798 1356 2858 dies
1371 2798 1405 2859 in

314 2901 447 2967 pasterum
479 2897 674 2975 celebratus,
705 2899 856 2978 quamvis
885 2898 1038 2959 Iudaicus
1065 2897 1224 2959 exercitus
1252 2897 1404 2975 quintum

314 3005 387 3057 nonas
414 2996 515 3057 Iulias
543 2996 631 3076 apud
658 2998 767 3076 ipsum
794 2996 947 3074 iurasset,
975 3015 1012 3057 eo
1037 2995 1164 3072 ardore,
1193 2999 1231 3055 ut
1250 3014 1291 3055 ne
1312 2995 1404 3055 Titus

315 3090 415 3165 quidem
447 3094 534 3155 filius
566 3099 803 3173 expectaretur,
835 3095 928 3173 Syria
959 3113 1104 3155 remeans
1136 3098 1168 3154 et
1195 3093 1404 3154 consiliorum

314 3180 372 3250 inter
388 3192 577 3254 Mucianum
599 3211 636 3252 ac
657 3196 783 3271 patrem
804 3192 955 3253 nuntius:
976 3196 1093 3251 cuncta
1113 3191 1239 3269 impetu
1260 3191 1404 3251 militum

314 3290 374 3365 aaa,
399 3310 465 3351 non
485 3295 598 3369 parata
619 3290 785 3366 contione,
811 3309 877 3350 non
899 3289 1079 3351 coniunctis
1099 3288 1287 3366 legionibus.
1317 3289 1404 3347 Dum
1419 3305 1459 3365 80

314 3387 448 3456 quaeritur
479 3392 608 3467 tempus
639 3387 746 3465 locus,
779 3386 930 3466 quodque
961 3386 996 3446 in
1027 3406 1060 3447 re
1088 3385 1146 3446 tali
1174 3384 1404 3445 difficillimum

313 3484 355 3557 est,
378 3486 482 3564 prima
502 3505 581 3562 vox3
610 3485 690 3546 dum
712 3485 820 3545 animo
841 3502 914 3562 spes
936 3484 1049 3561 timor,
1077 3483 1158 3545 ratio
1180 3502 1272 3544 casus
1294 3482 1405 3544 obver-

311 3630 443 3648 Ἁ-

333 3726 350 3776 l.
366 3729 451 3778 omina
460 3727 543 3779 aaa.
552 3726 623 3779 omia
632 3727 654 3777 F
663 3728 693 3793 cf.
700 3746 728 3795 p.
740 3726 809 3781 909.
827 3756 859 3764 -
870 3728 895 3779 3.
910 3726 1002 3777 laetior
1013 3726 1113 3790 latur,
1124 3728 1152 3792 cs.
1165 3725 1234 3777 Sciet.
1252 3724 1323 3791 vap.
1335 3726 1359 3777 5.
1371 3753 1404 3761 -

306 3812 322 3863 i.
336 3814 439 3868 hominia
458 3817 480 3867 F
491 3816 625 3868 uidebatur
634 3816 657 3868 F
667 3816 820 3868 uidebantur
829 3833 892 3866 eam.
903 3815 958 3865 md.
968 3832 1018 3881 aeq.
1030 3814 1119 3865 Halm.
1140 3844 1172 3851 -
1182 3814 1207 3866 8.
1227 3814 1275 3880 est]
1287 3813 1310 3863 da
1320 3813 1350 3863 F.
1371 3841 1404 3849 -
1417 3853 1430 3871 ,

302 3902 332 3957 10.
349 3922 393 3956 ara
411 3935 444 3943 -
463 3906 608 3957 reuerentia
623 3906 746 3973 Agricola
755 3922 827 3955 aram
838 3934 871 3942 -
882 3903 1053 3955 reuerentiam
1064 3903 1094 3954 F.
1115 3933 1148 3940 -
1162 3905 1201 3955 16.
1221 3903 1290 3952 lama
1299 3919 1328 3953 er
1336 3902 1406 3951 lama

295 4011 347 4045 corr.
376 4024 407 4032 -
427 3994 513 4061 qdqua‘e
533 3994 562 4046 F.
591 4024 624 4033 -
643 3994 686 4048 20.
715 3994 784 4071 curie
802 3994 832 4045 F.
863 4023 896 4031 -
920 3993 969 4043 hoe
986 3993 1015 4042 ia
1032 3992 1097 4043 haec
1115 3995 1176 4043 tor-r.
1198 4010 1230 4042 m.
1249 3990 1277 4056 2)
1303 4020 1336 4027 —
1361 3989 1404 4041 21.

292 4083 453 4151 auespasiunsr
471 4083 501 4135 F.
522 4113 555 4122 —
574 4082 617 4134 22.
641 4083 678 4135 tib
696 4083 725 4133 F.
747 4112 780 4121 -
798 4082 841 4135 25.
863 4099 896 4133 .u.
916 4077 969 4132 noir
988 4081 1056 4132 Iulii.
1078 4112 1110 4119 —
1128 4080 1171 4133 28.
1190 4080 1309 4131 contione
1326 4079 1405 4146 Apti-
1485 4097 1488 4103 ·

285 4175 337 4227 cola
356 4173 506 4240 cognitione
524 4173 554 4223 F.
