3409 4909
277 397 304 445 p.
326 379 375 429 C-h.
397 379 442 445 69)
633 395 861 438 rnsroarnaun
882 377 907 437 Ι.
932 377 1058 437 16-19.
1370 378 1405 437 11

279 564 453 642 largitione
475 569 507 624 et
528 562 654 624 ambitu
674 563 759 624 male
781 562 925 643 adquiri,
946 563 992 623 ita
1014 582 1070 643 per
1091 562 1192 624 bonas
1213 567 1296 624 artes
1318 563 1408 624 haud

281 661 513 741 spernendum.
546 660 807 722 Circumsteterat
839 660 969 721 interim
1001 660 1163 722 Palatium
1196 659 1327 740 publica
1354 680 1407 721 ex·

282 759 442 839 pectatio,
464 759 573 837 magni
595 760 708 821 secreti
728 758 908 839 inpatiens3
935 764 967 821 et
987 758 1072 820 male
1094 758 1264 819 coercitam
1285 757 1408 818 faniam

282 856 523 936 supprimentes
554 856 723 934 augebant.
754 857 916 928 Quartum
948 856 1027 917 Idus
1059 856 1243 934 Ianuariae,
1275 855 1407 916 foedum
1423 858 1460 919 18

259 954 443 1016 timbribus
471 953 574 1032 diem,
601 954 745 1016 tonitrua
766 959 798 1014 et
818 952 946 1031 fulgura
968 958 999 1013 et
1021 952 1171 1014 caelestes
1195 952 1301 1013 minae
1322 951 1407 1012 ultra

283 1052 418 1113 solitum
439 1052 657 1114 turbaverant.
680 1051 896 1113 Observatum
916 1049 950 1111 id
972 1050 1153 1129 antiquitus
1174 1049 1314 1110 comitiis
1333 1048 1407 1109 diri-

283 1148 412 1211 mendis
439 1169 506 1211 non
531 1151 645 1211 terruit
667 1149 822 1227 Galbam,
850 1168 916 1229 quo
938 1149 1046 1209 minus
1067 1148 1102 1208 in
1123 1153 1228 1208 castra
1249 1152 1406 1226 pergeret,

283 1251 540 1325 contemptorem
560 1246 678 1307 talium
699 1251 736 1307 ut
757 1246 980 1322 fortuitorum3
1003 1264 1059 1306 seu
1078 1263 1161 1324 quae
1176 1244 1244 1305 fato
1259 1249 1407 1318 manent,

285 1343 435 1422 quamvis
456 1343 651 1421 significata,
673 1363 739 1404 non
757 1344 911 1404 vitantur.
934 1343 1032 1421 Apud
1047 1342 1248 1421 frequentem
1264 1342 1407 1403 militum

245 1442 469 1504 incentionem
490 1441 696 1521 imperatoria
716 1440 875 1502 brevitate
896 1440 1045 1520 adoptari
1065 1460 1085 1500 a
1106 1459 1139 1501 se
1155 1440 1305 1501 Pisonem
1320 1459 1408 1500 inore

285 1539 352 1601 divi
381 1540 521 1617 Augusti
548 1544 581 1601 et
608 1538 757 1618 exemplo
785 1539 936 1615 militari,
968 1557 1033 1617 quo
1062 1538 1112 1601 vir
1139 1539 1245 1601 virum
1274 1537 1407 1615 legeret,

285 1638 475 1715 pronuntiat
482 1656 490 1714 ;
518 1656 556 1698 ac
583 1656 624 1698 ne
652 1635 858 1698 dissimulata
885 1636 1001 1697 seditio
1029 1636 1063 1697 in
1084 1636 1189 1697 maius
1211 1634 1407 1712 crederetur,

286 1734 369 1795 ultro
392 1734 560 1796 adseverat
580 1740 731 1814 quartam
753 1738 786 1795 et
805 1733 1117 1795 duoetvicensimam
1137 1733 1278 1810 legiones
1296 1734 1407 1812 paucis

286 1831 452 1894 seditionis
483 1832 667 1893 auctoribus
698 1851 764 1893 non
795 1832 882 1892 ultra
912 1831 1010 1893 verba
1041 1851 1078 1892 ac
1106 1850 1200 1893 voces
1228 1849 1348 1892 errasse
1377 1837 1409 1891 et

243 1936 271 1991 15
286 1928 374 1991 brevi
406 1928 442 1988 in
472 1927 577 1990 officio
608 1928 691 2006 fore3
724 1947 782 1989 nec
813 1927 920 1989 ullum
952 1928 1089 1990 orationi
1121 1932 1178 1988 aut
1209 1927 1407 1988 lenocinium

233 2012 240 2022 ⁸
286 2025 375 2087 addit
397 2030 455 2086 aut
475 2025 625 2105 pretium.
647 2026 783 2087 Tribuni
804 2031 915 2087 tamen
936 2025 1204 2104 centurionesque
1220 2030 1251 2086 et
1267 2024 1407 2103 proximi

286 2124 428 2184 militum
456 2128 546 2201 grata
573 2122 688 2185 auditu
716 2122 927 2203 respondent:
957 2143 1013 2203 per
1042 2128 1162 2184 ceteros
1188 2121 1350 2183 maestitia
1371 2142 1407 2183 ac

286 2220 468 2298 silentium,
505 2226 675 2300 tamquam
712 2224 903 2299 usurpatam
942 2220 1040 2281 etiam
1077 2219 1111 2279 in
1150 2239 1229 2298 pace
1261 2219 1407 2281 donativi

286 2318 508 2381 necessitatem
539 2318 625 2381 bello
655 2316 880 2398 perdidissent.
909 2317 1044 2379 Constat
1071 2317 1214 2396 potuisse
1243 2317 1408 2377 conciliari

246 2419 412 2481 toaninros
433 2417 733 2496 quantulacumque
754 2417 842 2496 parci
864 2416 949 2477 senis
970 2415 1178 2476 liberalitate:
1200 2414 1311 2474 nocuit
1326 2415 1407 2474 anti·

285 2511 368 2594 quus
397 2514 482 2591 rigor
509 2519 541 2575 et
568 2514 670 2575 nimia
697 2513 866 2592 severitas,
899 2513 951 2574 cui
978 2514 1045 2578 iam
1073 2531 1164 2591 pares
1192 2530 1257 2571 non
1285 2529 1407 2571 sumus.

285 2612 366 2673 Inde
387 2610 477 2690 apud
497 2615 647 2673 senatum
668 2630 733 2673 non
756 2611 915 2691 comptior
929 2610 1067 2685 Galbae,
1089 2628 1155 2671 non
1169 2607 1294 2685 longior
1309 2628 1407 2688 quam
1424 2613 1461 2674 19

284 2709 372 2789 apud
393 2708 534 2769 militem
555 2728 674 2770 sermo:
702 2708 828 2769 Pisonis
849 2708 950 2769 comis
972 2708 1089 2784 oratio,
1112 2712 1144 2767 et
1164 2711 1296 2786 patruni
1317 2706 1409 2769 favor

284 2808 411 2868 aderat:
440 2806 537 2867 multi
558 2806 742 2883 voluntate3
774 2806 925 2883 effusiuS,
956 2806 1012 2885 qui
1033 2804 1221 2881 noluerant;
1251 2805 1348 2865 medii
1371 2825 1407 2865 ac

235 2916 265 2971 25
282 2904 419 2985 plurimi
440 2904 536 2966 obvio
557 2903 728 2983 obsequio,
749 2904 893 2983 privatas
915 2922 987 2982 spes
1008 2903 1166 2980 agitantes
1187 2903 1255 2963 sine
1276 2901 1408 2980 publica

283 3023 370 3064 cura.
404 3002 471 3063 Nec
503 3000 593 3063 aliud
625 3002 773 3081 sequenti
805 3000 1004 3080 quadriduo,
1037 3000 1125 3079 quod
1152 3000 1298 3061 medium
1325 3000 1408 3059 inter

283 3100 495 3180 adoptionem
526 3105 558 3160 et
588 3098 720 3160 caedem
751 3099 829 3177 fuit,
863 3098 987 3159 dictum
1019 3118 1037 3159 a
1069 3098 1183 3159 Pisone
1214 3098 1249 3157 in
1277 3097 1407 3175 publico

282 3198 458 3260 factumve.

323 3294 546 3358 Crebrioribus
584 3295 619 3355 in
656 3293 724 3356 dies
760 3294 971 3355 Germanicae
1003 3293 1190 3355 defectionis
1223 3292 1345 3352 nuntiis
1377 3296 1407 3352 et

232 3408 266 3462 30
283 3392 372 3453 facili
401 3391 532 3453 civitate
557 3392 598 3453 ad
619 3392 807 3471 accipienda
828 3391 1052 3471 credendaque
1073 3392 1183 3452 onrnia
1204 3408 1304 3466 nova,
1333 3407 1408 3448 cunr

283 3490 390 3550 tristia
422 3493 514 3565 sunt,
546 3495 736 3550 censuerant
767 3494 875 3569 patres
903 3487 1079 3549 mittendos
1109 3487 1150 3548 ad
1180 3486 1408 3547 Germanicum

284 3587 465 3649 exercitum
492 3585 622 3663 legatos.
651 3588 820 3664 Agitatunr
847 3592 985 3664 secreto,
1014 3606 1094 3647 num
1123 3591 1154 3646 et
1183 3585 1255 3645 Piso
1284 3583 1408 3663 profici-

319 3812 345 3863 4.
371 3809 450 3862 Idum
473 3809 515 3862 1²1.
542 3840 575 3850 -
600 3809 624 3864 8.
650 3817 833 3878 contemptore.
860 3843 893 3849 —
913 3812 937 3864 9.
963 3811 1030 3877 signi
1048 3812 1121 3862 laeta.
1148 3841 1181 3848 —
1203 3809 1244 3863 10.
1270 3810 1408 3875 imporato-

283 3900 321 3951 rii
340 3898 383 3951 Fl.
404 3928 438 3938 -
457 3901 683 3965 more—exemplo
702 3900 725 3951 F
743 3901 971 3966 exemplo—inore
985 3900 1111 3951 Ferratus.
1133 3929 1164 3937 —
1179 3900 1218 3951 13.
1238 3898 1409 3950 duodeuicen-

284 3988 391 4051 simnm,
411 3987 632 4057 (deterrerer.
652 4008 683 4039 nr.
704 3987 735 4054 r.)
756 4018 789 4026 —
810 3989 850 4040 17.
876 3989 971 4039 audito.
993 4018 1025 4026 -
1047 3988 1087 4040 18.
1107 3995 1131 4039 et
1151 3988 1229 4038 etiarn
1249 3986 1291 4039 Fl.
1312 4017 1345 4024 —
1365 3985 1407 4037 24.

285 4075 364 4129 nredii
383 4076 539 4133 Freimbeim
558 4077 641 4129 inedie
660 4077 690 4128 F.
718 4107 750 4115 -
769 4076 812 4128 ‘21
839 4077 932 4128 Pisone
951 4076 993 4128 F1.
1021 4106 1053 4114 -
1072 4076 1114 4129 ab.
1138 4075 1207 4127 indie
1226 4077 1255 4138 cf.
1273 4094 1300 4142 p.
1321 4074 1345 4127 8.
1367 4076 1407 4127 16.
