3409 4909
276 454 294 503 p.
308 437 349 489 eh.
367 437 414 504 69)
596 454 823 498 nrsronraaun
845 437 908 498 ΙΙΙ.
931 437 1039 499 8-10.
1322 440 1377 500 111

278 620 373 701 legioni
400 623 552 685 tribunus
573 624 751 703 Vipstanus
773 624 925 685 Messalla
945 628 1107 703 praeerat,
1136 624 1230 685 claris
1252 625 1380 686 maioris

278 718 335 797 bus,
361 721 503 799 egregius
532 722 615 801 ipse,
644 726 676 783 et
704 721 761 801 qui
788 722 876 783 solus
904 721 946 782 ad
973 722 1007 782 id
1028 721 1151 782 bellum
1173 727 1257 784 artes
1278 723 1380 784 bonas

280 818 427 880 attulisset.
450 820 520 880 Has
535 819 577 880 ad
591 820 699 899 copias
714 839 922 898 nequaquam
939 819 1120 881 Vitellianis
1135 839 1227 900 pares
1243 822 1380 901 (quippe

281 919 327 977 tres
349 916 453 978 adhuc
481 917 621 995 legiones
649 919 754 996 erant)
783 917 873 978 misit
893 917 1048 997 epistulas
1071 918 1224 996 Caecina,
1253 920 1380 981 temeri-

260 1015 359 1073 ttatem
384 1014 471 1076 victa
499 1034 589 1075 arma
616 1015 826 1075 tractantium
854 1015 1022 1091 incusans3
1051 1015 1150 1076 simul
1178 1016 1282 1078 virtus
1305 1016 1380 1078 Ger·-

283 1111 377 1173 nanici
406 1113 565 1174 exercitus
597 1112 749 1173 laudibus
780 1112 1005 1191 attollebatur,
1037 1113 1161 1174 Vitellii
1192 1115 1321 1176 modica
1349 1121 1380 1177 et

284 1207 379 1286 volgari
406 1210 586 1289 mentione,
614 1210 707 1272 nulla
733 1211 768 1271 in
793 1211 1032 1290 Vespasianum
1054 1212 1268 1273 contumelia:
1296 1213 1380 1273 nihil

259 1373 261 1378 ,
284 1321 402 1385 prorsus,
431 1307 520 1387 quod
541 1313 597 1368 aut
618 1313 836 1387 corrumperet
857 1309 985 1370 hostem
1006 1313 1063 1369 aut
1084 1313 1224 1370 terreret.
1253 1311 1380 1371 Flavia-

285 1420 374 1465 narum
400 1406 543 1485 partium
571 1406 684 1485 duces,
713 1408 831 1468 omissa
858 1407 973 1486 prioris
1002 1406 1149 1468 fortunae
1178 1408 1379 1488 defensione,

259 1499 325 1577 apro
346 1503 542 1583 Vespasiano
569 1504 751 1582 magnifice,
779 1524 838 1584 pro
867 1524 964 1566 causa
992 1504 1142 1583 fidenter,
1172 1505 1211 1566 dc
1236 1507 1381 1569 exercitu

285 1601 375 1679 asuri,
405 1602 440 1662 in
472 1602 642 1664 Vitellium
671 1608 708 1664 ut
735 1602 862 1663 inimici
890 1603 1093 1681 rescripsere,
1126 1603 1212 1664 facta
1239 1604 1380 1666 tribunis

285 1699 563 1779 centurionibusque
590 1700 767 1780 retinendi,
797 1721 879 1780 quac
901 1702 1052 1763 Vitellius
1073 1701 1278 1780 indulsisset,
1307 1724 1364 1784 spe
1371 1724 1378 1781 ;

285 1796 356 1874 tique
380 1798 490 1877 ipsum
519 1798 689 1859 Caecinam
717 1818 782 1860 non
809 1798 942 1860 obscure
964 1799 1007 1859 ad
1027 1800 1252 1862 transitionem
1274 1801 1380 1863 horta-

259 1905 261 1926 ³
285 1885 383 1956 bantur.
411 1895 576 1956 Recitatae
603 1917 662 1976 pro
684 1897 833 1958 contione
855 1897 1013 1977 epistulae
1035 1896 1187 1959 addidere
1209 1898 1379 1976 fiduciam,

286 1991 348 2065 quod
361 1994 530 2055 summisse
545 1994 695 2072 Caecina,
714 1995 804 2058 velut
818 1994 979 2056 offendere
995 1996 1233 2074 Vespasianum
1247 1996 1380 2074 timone,

259 2081 401 2172 {ipsorum
428 2091 527 2152 duces
555 2093 783 2171 contemptim,
812 2097 982 2172 tamquam
1010 2093 1203 2155 insultantes
1231 2095 1379 2172 Vitellio,

259 2186 466 2267 ¹scripsissent.

259 2305 261 2312 ·
311 2285 451 2348 Adventu
475 2286 591 2349 deinde
613 2287 752 2348 duarum
772 2288 953 2366 legionum,
982 2288 1138 2368 equibus
1160 2290 1290 2351 tertiam
1311 2289 1378 2350 Dil-
1394 2298 1433 2358 10

259 2439 261 2446 .
284 2372 327 2443 lius
336 2386 537 2464 Aponianus,
559 2390 708 2447 octavam
719 2386 887 2447 Numisius
899 2387 1005 2466 Lupes
1017 2387 1196 2465 ducebant,
1218 2393 1379 2449 ostentare

259 2463 345 2544 lates
370 2487 401 2543 et
427 2482 562 2543 militari
590 2483 676 2545 vallo
706 2484 867 2544 Veronam
895 2484 1095 2545 circumdare
1122 2485 1254 2564 placuit.
1284 2486 1380 2546 Forte

283 2571 435 2642 Galbianae
459 2580 578 2658 legioni
604 2582 639 2641 in
667 2580 803 2643 adversa
829 2580 934 2643 fronte
962 2582 1040 2643 valli
1062 2601 1143 2661 opus
1165 2591 1319 2659 cesserat,
1348 2587 1380 2643 et

282 2672 325 2735 risi
348 2678 458 2756 procul
486 2678 645 2739 sociorum
675 2679 798 2758 equites
827 2699 946 2740 vanam
974 2678 1180 2740 formidinem
1209 2684 1245 2740 ut
1271 2679 1380 2741 hostes

279 2767 367 2836 fecere.
398 2776 583 2856 Rapiuntur
613 2796 704 2837 arma
734 2781 824 2838 metu
855 2776 1056 2856 proditionis
1089 2778 1142 2838 Ira
1173 2777 1317 2839 militum
1345 2777 1380 2837 in

279 2865 431 2952 Tampium
464 2874 657 2935 Flavianum
685 2874 849 2953 incubuit,
881 2875 973 2936 nullo
1000 2876 1144 2936 criminis
1173 2881 1379 2954 argumento,

259 2958 318 3029 iaad
342 2972 407 3032 iam
435 2972 561 3051 pridem
588 2971 713 3034 invisus
735 2973 864 3034 turbine
886 2973 1028 3052 quodam
1050 2973 1091 3033 ad
1113 2973 1251 3034 exitium
1272 2993 1380 3052 posce-

275 3063 367 3131 batur:
389 3069 612 3150 propinquum
632 3070 771 3147 Vitellii,
793 3071 991 3150 proditorem
1013 3071 1168 3148 OthoniS,
1189 3071 1380 3151 intercepto·

269 3184 326 3227 rem
345 3168 493 3230 donativi
514 3167 735 3229 clamitabant.
763 3170 829 3229 Neo
851 3168 1029 3229 defensioni
1050 3169 1156 3246 locus,
1179 3188 1380 3248 quamquam

265 3266 419 3345 supplices
447 3284 565 3326 manus
593 3265 751 3343 tenderet,
780 3266 874 3326 humi
898 3267 1090 3346 plerumque
1112 3270 1247 3344 stratuS,
1275 3267 1381 3327 lacera

262 3369 359 3442 veste,
389 3368 503 3443 pectus
530 3369 628 3443 atque
656 3383 712 3425 ora
739 3364 884 3442 singultu
912 3365 1077 3443 quatiens:
1106 3364 1140 3424 id
1161 3365 1269 3442 ipsum
1291 3364 1380 3443 apud

259 3518 417 3529 ..—

287 3629 312 3678 1.
338 3625 487 3691 Vipstanus
510 3624 622 3692 Ruperti
640 3625 773 3692 vipsanius
791 3626 814 3676 F
833 3626 864 3694 (c.
886 3625 919 3678 18
937 3627 1073 3692 vipsanus,
1098 3643 1119 3677 c.
1139 3624 1173 3678 25
1194 3625 1320 3692 vipsano).
1347 3656 1380 3663 -

259 3716 291 3770 ’.0.
319 3714 395 3767 exitu
413 3712 487 3781 Lips.
515 3743 547 3751 —
568 3714 608 3765 11.
628 3714 780 3779 rescripsere
798 3714 956 3765 Freinslteim
974 3731 1168 3780 praesumpsere
1186 3715 1209 3764 F
1229 3714 1287 3780 (loc
1306 3732 1380 3765 crocc-

259 3806 337 3857 nlurn
364 3802 562 3869 transpositione
582 3802 738 3869 popinarum
761 3804 792 3853 de
811 3821 863 3869 qna
881 3804 1017 3869 expositam
1035 3810 1070 3853 est
1088 3804 1123 3853 ad
1140 3820 1161 3853 c.
1182 3804 1197 3855 5
1217 3804 1300 3853 statim
1319 3804 1380 3854 saci-

259 3896 285 3946 a't
304 3891 463 3945 uocantum
482 3898 567 3956 partes
586 3889 694 3959 (nul).
721 3920 754 3928 —-
775 3892 815 3944 15.
842 3891 973 3943 sirmisisse
992 3892 1022 3942 F.
1050 3921 1082 3928 —
1103 3892 1144 3944 16.
1163 3892 1277 3958 οοηῐέρῖί
1296 3893 1326 3944 F.
1347 3923 1380 3930 -

261 3984 288 4037 9.
316 3987 452 4049 spontan3
479 3979 509 4030 F.
535 4010 569 4017 -
588 3978 630 4031 22.
657 3979 705 4030 uisi
720 3978 765 4050 lIn
785 3981 875 4046 procul
893 3980 941 4044 Fl,
967 3982 1036 4046 cte.
1057 3979 1089 4031 21
1110 3982 1188 4045 nard,
1213 3981 1273 4032 indo
1291 3983 1382 4047 procul

259 4068 393 4124 Veissenb.
420 4098 445 4106 -
480 4066 523 4121 23.
550 4085 623 4119 anna
640 4076 711 4120 metu
730 4069 846 4121 Faernus
865 4080 936 4119 arma
955 4069 1025 4134 (dcl.
1046 4068 1091 4134 est)
1110 4078 1136 4120 et
1155 4077 1191 4121 ut.
1217 4100 1250 4107 —
1270 4069 1312 4121 24.
1340 4070 1380 4120 ·Τ·

260 4161 337 4228 mpisr
358 4158 383 4210 F
401 4158 433 4224 cf.
454 4156 491 4207 Π.
511 4155 553 4209 86.
