3409 4909
282 492 307 541 p.
327 474 374 524 Ch.
389 472 441 538 170)
615 489 842 532 Hrsrorusnuu
863 469 921 533 IV.
945 471 1073 535 73-76.
1345 472 1402 534 205

281 659 436 719 securitate
455 658 581 719 molitis.
607 659 678 719 Tuli
699 658 843 719 oratione
865 658 1012 735 graviora
1032 661 1211 718 metuentes
1233 658 1404 736 conposuit

283 756 457 835 erexitque.

322 854 528 915 Tenebantur
554 855 674 917 victore
695 856 838 916 exercitu
859 854 1003 931 Treveri,
1033 873 1108 915 cum
1129 853 1241 913 Civilis
1264 858 1296 936 et
1316 853 1403 915 Clas·
1417 858 1455 922 75

283 950 367 1011 sicus
395 951 509 1011 misere
537 951 579 1011 ad
606 952 764 1013 Cerialem
784 951 956 1033 epistulas,
984 970 1123 1031 quarum
1144 951 1223 1011 haec
1245 951 1403 1012 sententia

217 1106 219 1111 .
245 1047 359 1113 bfuit:
399 1048 630 1127 Vespasianum,
666 1070 853 1130 quamquam
883 1050 1005 1110 naratios
1035 1049 1230 1126 occultarent,
1262 1049 1403 1109 excessisse
1480 1053 1483 1059 ’

280 1145 360 1216 uita·
387 1146 490 1207 urbem
517 1155 605 1223 atque
629 1147 760 1208 Italiam
780 1148 898 1208 interno
919 1147 993 1207 bello
1013 1155 1236 1225 consumptam·
1264 1145 1404 1206 Muciani

282 1263 317 1304 ac
344 1244 518 1304 Domitiani
545 1265 626 1305 uaria
652 1255 679 1305 et
705 1246 768 1306 sine
794 1245 908 1306 mribus
934 1244 1068 1305 nomina.
1097 1243 1138 1305 Si·
1162 1244 1289 1309 Cerialis
1312 1244 1404 1321 impe·

281 1340 363 1400 rium
387 1340 563 1402 Galliarum
583 1342 668 1420 uelit,
689 1343 768 1420 ipsos
782 1342 898 1421 finibus
917 1342 1088 1403 civitatium
1101 1361 1227 1402 suarum
1241 1349 1402 1410 coartentom

281 1438 308 1499 si
332 1439 482 1515 proelium
513 1440 634 1516 mallet,
664 1461 700 1500 ne
731 1441 765 1501 id
795 1440 916 1519 quidem
948 1439 1082 1500 abnuere.
1118 1438 1170 1499 Ad
1202 1458 1239 1500 ea
1270 1438 1402 1499 Cerialis

228 1548 264 1603 10
282 1535 378 1597 Civili
406 1541 437 1597 et
458 1536 599 1598 Classico
621 1538 720 1598 nihil:
748 1558 839 1615 eum,
866 1538 924 1617 qui
945 1538 1111 1614 attulerat,
1138 1539 1208 1615 (et)
1229 1536 1316 1615 ipsas
1337 1537 1402 1615 epi-

281 1634 383 1695 stulas
405 1634 446 1695 ad
467 1635 692 1696 Domitianum
714 1636 811 1697 misit.

322 1732 441 1793 Hostes
462 1733 574 1793 divisis
597 1734 697 1811 copiis
712 1734 869 1795 advenere
885 1733 1044 1813 undique:
1066 1732 1212 1812 plerique
1227 1732 1402 1811 culpabant

282 1829 436 1890 Cerialem
465 1850 599 1909 passum
626 1831 732 1908 iungi3
761 1850 841 1910 quos
867 1832 1019 1892 discretos
1039 1831 1228 1909 intercipere
1249 1830 1401 1892 licuisset.

282 1926 447 1987 Romanus
475 1928 633 1989 exercitus
661 1934 765 1990 castra
793 1928 879 1991 fossa
900 1928 1050 2008 valloque
1072 1928 1299 2003 circumdedit,
1328 1928 1401 2007 quis

227 2038 261 2090 15
281 2027 399 2084 temere
430 2029 525 2085 antea
555 2025 669 2086 intutis
702 2027 896 2088 consederat.
929 2026 1026 2105 Apud
1058 2026 1236 2087 Germanos
1267 2026 1401 2087 diversis

281 2121 448 2181 sententiis
489 2123 679 2184 certabatur.
724 2124 828 2184 Ciuilis
865 2124 1061 2202 opperiendos
1102 2124 1402 2185 Transrhenanorum
1416 2132 1454 2195 76

279 2228 392 2296 pentes,
421 2239 551 2296 quartum
579 2229 686 2281 terrore
708 2221 828 2298 fractae
851 2222 961 2300 populi
989 2222 1122 2282 Romani
1148 2221 1224 2282 uires
1244 2222 1401 2282 obtereren-

282 2325 348 2376 tur:
382 2317 484 2378 Gallos
513 2318 588 2394 quid
615 2318 703 2378 aliud
729 2338 821 2395 quam
844 2318 995 2397 praedam
1021 2319 1198 2379 uictoribus?
1229 2327 1256 2379 et
1285 2327 1399 2390 tumere,

281 2414 360 2490 quod
388 2414 499 2474 roboris
528 2415 583 2491 sit,
614 2415 724 2494 Belpas
753 2436 849 2476 secum
873 2417 982 2494 palam
1009 2425 1063 2476 ant
1090 2425 1153 2477 coto
1180 2426 1267 2477 stare.
1300 2418 1400 2478 Tutor

223 2527 263 2582 20
282 2512 467 2572 cunctatione
487 2532 606 2573 crescere
625 2534 687 2574 rem
707 2515 880 2574 Romanam
899 2514 1108 2592 adfirmabat,
1130 2515 1297 2575 colantibus
1311 2515 1400 2574 undi-

281 2628 336 2686 que
362 2609 548 2674 erucitibus:
582 2619 778 2670 transvectam
804 2631 819 2671 e
845 2612 1016 2672 Britannia
1044 2613 1200 2691 lepionem,
1229 2612 1340 2672 accitos
1369 2633 1401 2673 ea

280 2708 454 2785 Hispania,
483 2708 644 2768 aduentare
671 2729 703 2769 err
723 2709 841 2784 Italiu;
868 2729 920 2770 nec
939 2710 1070 2770 subitum
1089 2710 1231 2784 militem,
1259 2711 1309 2770 sed
1329 2706 1417 2770 cete-'

280 2825 342 2865 rem
363 2813 569 2883 expertumque
589 2806 665 2867 belli.
693 2808 777 2867 Nam
799 2808 977 2886 Germanos,
1006 2808 1059 2885 qui
1079 2808 1116 2868 ab
1136 2808 1211 2886 ipsis
1230 2816 1413 2885 sperentur,

280 2922 342 2962 non
361 2903 471 2980 iliberi,
493 2923 554 2963 non
574 2905 652 2982 repi,
673 2905 724 2965 sed
745 2914 850 2965 cuncta
872 2926 904 2966 en
923 2905 1047 2967 libidine
1061 2926 1165 2984 apere;
1184 2905 1401 2983 pecuniamque

223 3016 261 3070 25
281 3019 317 3060 ac
336 2999 438 3078 dona,
467 3001 534 3078 quis
559 3002 629 3061 solis
656 3012 903 3081 corrumpantur,
931 3003 1050 3063 maiora
1074 3004 1159 3081 apud
1179 3004 1345 3079 Rauracos,
1374 3011 1401 3064 et

280 3091 428 3157 neminem
455 3098 528 3157 adeo
554 3099 589 3158 in
616 3120 705 3159 arma
728 3119 876 3178 pronum,
904 3109 938 3161 ut
962 3120 1023 3161 non
1044 3101 1123 3161 idem
1140 3101 1275 3179 pretium
1294 3101 1402 3178 quietis

280 3212 372 3271 quam
394 3194 523 3271 periculi
542 3196 640 3255 malit.
671 3196 756 3269 eroel
776 3197 803 3256 si
822 3198 927 3258 statim
947 3199 1193 3277 conprediantur,
1222 3199 1325 3258 nullas
1345 3218 1401 3259 esse

284 3292 397 3352 Ceriali
422 3292 484 3351 nisi
510 3312 524 3352 e
550 3293 686 3371 reliquiis
715 3294 888 3355 Germanici
909 3296 1048 3356 exercitus
1069 3296 1207 3375 lepiones,
1231 3296 1401 3373 foederibus

283 3390 458 3451 Galliamun
494 3390 653 3452 obstrictas.
691 3392 788 3470 quue
824 3394 939 3472 ipsum,
979 3395 1057 3472 quod
1087 3395 1275 3455 inconditam
1305 3413 1401 3472 nuper

281 3585 440 3592 ——-.

316 3707 340 3758 5.
370 3704 482 3776 (amici)
511 3707 615 3758 nuntios
643 3708 726 3759 Ritter
753 3709 860 3760 nuntius
884 3709 1055 3760 occultaretur
1078 3710 1198 3762 Heraeus
1224 3710 1398 3780 (Mucianus)

280 3794 419 3845 occultaret
440 3794 517 3861 Nipp.
543 3824 577 3832 -
597 3794 621 3848 8.
641 3795 697 3862 ipso
715 3797 745 3847 F.
768 3826 800 3833 —
819 3796 843 3849 9.
865 3797 936 3847 malit
955 3797 1070 3862 Ernesti,
1090 3798 1172 3849 Halm
1190 3801 1240 3851 sed.
1260 3802 1289 3866 cs.
1309 3801 1331 3851 Ι.
1352 3799 1398 3863 6⁶2,

280 3882 329 3934 IV.
349 3882 384 3936 20
403 3890 426 3933 et
443 3881 486 3935 81.
507 3913 540 3920 -
562 3883 602 3936 10.
622 3883 711 3935 Ciuilis
731 3884 772 3936 Fl.
794 3915 827 3923 -
846 3873 969 3937 auderat
981 3887 1011 3937 F.
1032 3916 1064 3924 —
1084 3884 1146 3956 <et>
1159 3887 1268 3954 Ruperti
1280 3888 1399 3955 ipsasque

280 3971 417 4022 Acidaliae
434 3972 509 4038 ipsis,
529 3972 650 4038 epistulas
668 3973 796 4025 Heraeus.
823 4004 856 4012 -
878 3975 918 4026 17.
944 3969 1006 4040 geris
1025 3976 1054 4026 F.
1076 4005 1109 4012 -
1128 3974 1170 4028 20.
1189 3977 1316 4028 cunctatio
1335 3976 1396 4048 neci

280 4112 321 4146 res
343 4060 432 4161 {erere
450 4097 480 4147 F.
507 4126 540 4135 -
559 4096 601 4151 26.
627 4098 689 4165 non]
709 4095 726 4147 ir
745 4116 824 4166 supra
843 4100 934 4150 lincam
952 4101 1072 4151 additum.
1099 4130 1133 4137 -
1152 4099 1194 4151 27.
1214 4102 1295 4153 mallit
1314 4104 1343 4155 F.
1365 4132 1398 4141 -

281 4182 323 4236 28.
342 4184 390 4235 reli
401 4183 404 4254 1
416 4186 474 4250 quis
491 4185 644 4251 germanicis
662 4186 692 4236 F.
