3409 4909
312 427 371 488 136
738 445 878 487 connum
901 444 1011 487 raeiri
1281 431 1317 493 (a.
1338 447 1363 479 u.
1383 427 1433 481 822

310 614 418 675 locum
447 614 577 693 proelii,
607 614 782 674 Cremonae
810 613 960 692 vestigia,
989 607 1100 691 captas
1125 612 1266 690 legiones
1287 612 1435 674 ostende

310 716 390 772 rent.
411 712 554 789 Agrestis
575 711 617 771 ad
638 711 805 772 Vitellium
829 712 1001 788 remeavit,
1023 711 1243 790 abnuentique
1258 730 1336 772 vera
1350 730 1435 787 esse,

310 829 392 889 quae
414 809 567 887 adferret,
590 814 687 889 atque
709 809 794 870 ultro
809 814 996 888 corruptum
1013 809 1159 885 arguenti
1182 808 1437 886 Quandoquidem

310 908 416 985 inquit
439 927 550 985 rnapno
571 907 743 968 documento
763 928 838 985 opus
859 915 915 983 eat,
943 927 995 967 nee
1015 907 1097 967 aliua
1117 907 1182 967 iam
1205 906 1336 967 titiant
1357 907 1437 966 uitae

310 1012 364 1064 aut
391 1004 497 1064 rnortia
521 1024 603 1064 ureae
630 1024 717 1081 usus,
747 1004 837 1080 dade,
866 1004 916 1065 rui
942 1004 1045 1065 eredas
1072 1010 1169 1083 atque
1197 1005 1244 1064 ita
1272 1004 1466 1081 digressuso

310 1102 493 1163 voluntaria
515 1107 617 1162 morte
640 1101 725 1162 dicta
747 1102 897 1163 firmavit.
920 1101 1062 1173 Quidam
1083 1102 1174 1162 iussu
1195 1101 1321 1162 Vitellii
1339 1102 1436 1163 inter-

309 1198 444 1275 fectum,
466 1198 506 1259 de
526 1198 590 1259 fide
611 1199 857 1277 constantiaque
879 1198 993 1260 eadem
1015 1198 1184 1260 tradidere.

255 1300 294 1361 55
348 1297 517 1374 Vitellius,
539 1302 576 1358 ut
597 1316 613 1357 e
636 1316 749 1358 somno
767 1298 908 1373 excitus,
931 1296 1054 1357 Iulium
1070 1297 1216 1357 Priscum
1231 1301 1263 1357 et
1277 1297 1435 1358 Alfenum

310 1392 433 1453 Varum
455 1413 530 1454 cum
551 1393 809 1472 quattuordecim
832 1394 1000 1472 praetoriis
1022 1393 1210 1455 cohortibus
1231 1399 1263 1455 et
1281 1394 1435 1455 omnibus

310 1491 456 1569 equitum
483 1491 543 1551 alis
564 1489 710 1552 obsidere
731 1492 965 1571 Appenninum
987 1492 1092 1569 iubet;
1121 1496 1231 1553 secuta
1253 1511 1270 1552 e
1291 1492 1435 1553 classicis
1453 1504 1479 1558 10

310 1588 401 1665 legio.
436 1589 498 1648 Tot
525 1587 616 1649 milia
644 1593 859 1666 armatorum,
890 1589 974 1650 lecta
1003 1590 1093 1667 equis
1122 1589 1280 1668 virisque,
1310 1590 1338 1651 si
1366 1588 1435 1650 dux

309 1686 392 1746 alius
421 1686 516 1763 foret,
544 1686 711 1748 inferendo
740 1707 868 1767 quoque
889 1687 975 1749 bello
997 1689 1074 1749 satis
1096 1687 1270 1766 pollebant.
1302 1688 1434 1749 Ceterae

309 1784 456 1845 cohortes
485 1784 526 1843 ad
554 1783 710 1845 tuendam
738 1784 851 1845 urbem
881 1785 915 1845 L.
945 1784 1077 1845 Vitellio
1104 1784 1197 1845 fratri
1225 1783 1330 1846 datae.
1360 1785 1435 1864 Ipse

309 1881 392 1941 nihil
414 1901 431 1942 e
452 1882 546 1943 solito
568 1881 650 1942 luxu
664 1883 831 1943 remittens
846 1888 878 1944 et
893 1881 1073 1942 diffidentia
1087 1901 1259 1961 properus,
1281 1882 1434 1943 festinare

309 1979 456 2057 comitia,
478 1980 596 2058 quibus
618 1980 764 2041 consules
779 1980 813 2040 in
828 1980 949 2041 multos
964 1999 1066 2041 annos
1082 1979 1280 2056 destinabat;
1303 1979 1434 2041 foedera
1452 1994 1480 2046 15

309 2077 419 2154 sociiS,
442 2078 570 2138 Latium
594 2078 734 2139 externis
755 2078 913 2156 dilargiri;
936 2079 987 2139 his
1009 2078 1131 2139 tributa
1147 2078 1328 2155 dimittere,
1350 2079 1433 2140 alios

308 2175 571 2237 immunitatibus
610 2176 739 2253 iuvare;
777 2176 917 2255 denique
956 2176 1047 2236 nulla
1084 2177 1118 2236 in
1156 2181 1323 2255 posterum
1356 2197 1435 2238 cura

308 2272 447 2334 lacerare
476 2273 657 2353 imperium.
687 2274 750 2336 Sed
777 2274 891 2351 volgus
917 2274 958 2334 ad
983 2273 1241 2352 magnitudinem
1262 2274 1434 2336 beneficio-

308 2390 380 2430 rum
409 2370 577 2448 haerebat,
606 2371 694 2450 apud
722 2372 883 2451 sapientes
911 2391 1001 2433 cassa
1028 2371 1247 2449 habebantur;
1280 2372 1430 2434 stultissi-

308 2487 381 2528 mus
409 2468 545 2548 quisque
574 2470 719 2548 pecuniis
747 2470 965 2547 mercabatur,
998 2489 1081 2549 quae
1109 2489 1213 2549 neque
1235 2469 1306 2530 dari
1327 2490 1435 2550 neque
1451 2480 1483 2534 00

308 2566 410 2645 accipi
432 2566 522 2627 salva
543 2587 576 2628 re
598 2567 729 2645 publica
749 2572 907 2647 poterant.
930 2568 1074 2628 Tandem
1089 2567 1255 2644 flagitante
1270 2569 1434 2647 exercitu,

308 2664 364 2742 qui
387 2664 571 2726 Mevaniam
593 2664 768 2742 insederat,
791 2685 908 2743 magno
923 2670 1108 2726 senatorum
1124 2665 1268 2742 agmine,
1291 2684 1435 2744 quorum

308 2762 428 2823 multos
444 2763 636 2840 ambitione,
658 2763 766 2842 plures
781 2763 953 2824 formidine
968 2762 1133 2840 trahebat,
1155 2763 1189 2823 in
1204 2768 1309 2823 castra
1325 2764 1434 2841 venit,

254 2875 293 2935 56
308 2860 449 2921 incertus
471 2861 572 2921 animi
594 2866 625 2922 et
646 2860 754 2921 infidis
769 2860 911 2921 consiliis
926 2860 1096 2922 obnoxius.
1119 2860 1330 2921 Contionanti
1346 2863 1434 2939 (pro-

309 2957 469 3034 digiosum
498 2959 602 3028 dictu)
629 2963 759 3019 tantum
784 2958 952 3019 foedarum
975 2958 1144 3020 volucrum
1166 2958 1434 3036 supervolitavit,
1452 2971 1483 3025 25

308 3059 345 3115 ut
371 3056 457 3117 nube
479 3062 549 3117 atra
570 3056 657 3118 diem
678 3057 889 3118 obtenderent
896 3077 904 3133 3
934 3057 1067 3118 accessit
1088 3056 1196 3117 dirum
1217 3076 1331 3133 omen,
1361 3077 1435 3137 pro·

307 3151 403 3229 fugus
435 3152 590 3214 altaribus
623 3159 734 3214 taurus
766 3153 900 3214 disiecto
932 3153 1079 3214 sacrificii
1110 3157 1286 3232 apparatU,
1321 3152 1433 3232 longe,

308 3268 366 3309 nec
394 3250 450 3310 ubi
478 3250 565 3311 feriri
592 3250 715 3311 hostias
743 3270 813 3312 mos
837 3256 900 3327 est,
930 3250 1105 3311 confossus.
1134 3250 1197 3311 Sed
1217 3251 1434 3330 praecipuum

307 3346 376 3425 ipse
408 3347 559 3408 Vitellius
588 3352 751 3409 ostentum
780 3353 863 3423 erat,
896 3348 1026 3425 ignarus
1055 3347 1206 3425 militiae,
1237 3348 1434 3427 inprovidus

307 3444 449 3521 consilii;
479 3446 551 3525 quis
573 3445 650 3507 ordo
673 3446 826 3523 agminis,
855 3465 938 3526 quae
960 3464 1037 3506 cura
1059 3444 1266 3524 explorandi,
1288 3453 1434 3524 quantus
1453 3462 1483 3518 3c

344 3609 366 3658 7.
391 3607 623 3677 constantiaq3lF
647 3610 717 3669 (del.
738 3609 791 3675 eat).
819 3640 850 3645 --
873 3609 913 3662 10.
939 3616 1024 3682 secute
1042 3607 1151 3659 classicis
1169 3608 1199 3658 F.
1222 3638 1256 3645 —
1279 3607 1434 3678 10101οῡ

307 3682 358 3745 inis
378 3696 407 3745 F.
433 3726 467 3732 —
492 3695 622 3750 dimittere
642 3698 665 3747 F
684 3698 814 3749 remittere
832 3697 912 3763 Nipp.
942 3727 973 3735 —
996 3699 1036 3749 u).
1060 3697 1182 3748 haerebat
1200 3698 1291 3764 scripsi
1309 3699 1338 3761 ef.
1360 3701 1433 3750 Ann.

309 3784 357 3834 VI.
392 3782 441 3846 ⁸21,
475 3784 510 3834 Η.
539 3784 592 3835 ΙΙΙ.
620 3784 655 3837 ‘26
682 3786 790 3836 haberat
817 3786 840 3836 F
868 3785 955 3837 aderat
983 3786 1061 3853 uulpo
1088 3786 1177 3836 hiabat
1204 3786 1226 3837 I.
1256 3786 1287 3837 F.
1320 3785 1432 3839 Gruter.

306 3872 381 3922 hians
399 3872 487 3923 aderat
505 3873 601 3924 Meieer
625 3874 734 3925 hebebat
764 3873 791 3926 C.
821 3874 859 3925 M.
887 3874 1027 3925 Mencken.
1063 3905 1096 3912 —
1122 3874 1192 3941 apud
1210 3875 1338 3941 sapientes
1357 3893 1433 3928 cassa

306 3960 468 4011 habebantur
483 3962 560 4027 peuri
575 3970 632 4028 post
650 3963 786 4026 haerebat,
813 3964 840 4013 in
859 3964 881 4013 F
900 3970 923 4013 et
941 3964 969 4013 in
988 3964 1140 4014 editionibus
1160 3970 1241 4015 retunt
1257 3972 1313 4031 post
1333 3982 1432 4017 merca·

307 4050 389 4100 batur.
412 4078 443 4086 -
463 4048 505 4101 27.
525 4051 644 4117 longurio
665 4051 692 4103 Ο.
712 4052 750 4103 ll.
770 4052 909 4103 Francken.
940 4083 971 4089 —
997 4052 1040 4106 28.
1065 4070 1111 4103 nec
1130 4053 1173 4103 ubi
1192 4053 1282 4119 scripsi
1300 4070 1356 4104 curn
1375 4054 1431 4105 cdd.

306 4156 356 4204 seq.
376 4138 451 4188 necui
470 4139 492 4188 F
512 4141 540 4204 rs.
563 4138 723 4192 129241100
742 4150 770 4191 ut
790 4141 934 4192 Schneider.
956 4171 988 4179 -
1008 4141 1049 4195 30.
1069 4141 1189 4193 consiliis.
1211 4140 1257 4211 JF.
