3409 4909
317 465 377 526 230
778 483 980 525 rasennam

282 654 302 714 4
356 652 442 711 Idem
476 652 547 712 VII.
576 652 624 715 331*
635 673 641 711 :
671 651 812 728 Deinde,
842 657 879 712 ut
907 651 1013 714 verbis
1035 650 1162 713 Corneli
1184 651 1287 712 Taciti
1310 651 1443 731 loquar,

316 768 391 810 sene
419 751 566 826 Augusto
594 749 694 809 Ianus
723 749 919 828 patefactuS,
949 749 1028 810 dum
1050 749 1139 828 apud
1160 755 1323 811 extremos
1345 754 1444 810 terra-

315 866 388 907 rum
416 847 571 908 terminos
595 865 699 908 novae
719 852 829 924 gentes
851 867 945 926 saepe
966 867 1008 908 ex
1028 867 1091 909 usu
1113 852 1144 909 et
1166 847 1342 926 aliquando
1365 866 1443 907 cum

316 944 436 1005 damno
458 949 673 1023 quaeruntur,
702 944 869 1023 usquead
892 945 1082 1024 Vespasiani
1103 945 1234 1006 duravit
1254 944 1443 1024 imperium.

316 1042 495 1121 Hucusque
518 1041 697 1102 Cornelius.
1463 1053 1479 1103 5

282 1144 301 1203 5
356 1140 442 1200 Idem
472 1140 540 1201 VII.
565 1140 647 1200 194:
671 1139 854 1201 Gordianus
968 1139 1040 1199 Iani
1062 1145 1171 1219 portas
1192 1139 1335 1218 aperuit;
1359 1159 1443 1219 quas

316 1242 426 1298 utrum
441 1242 515 1315 post
529 1237 766 1316 Vespasianum
782 1242 814 1298 et
828 1237 938 1298 Titum
956 1237 1073 1317 aliquis
1088 1237 1255 1313 clauserit,
1273 1237 1443 1298 neminem

316 1335 479 1414 scripsisse
504 1335 656 1412 memini,
685 1355 760 1395 cum
781 1340 891 1395 tamen
913 1354 966 1395 eas
988 1334 1028 1395 ab
1050 1335 1121 1413 ipso
1142 1334 1344 1413 Vespasiano
1367 1340 1443 1413 post

315 1452 439 1493 annum
461 1437 588 1511 apertas
610 1432 778 1493 Cornelius
800 1432 931 1493 Tacitus
952 1431 1077 1511 prodat.

282 1543 301 1603 6
355 1531 441 1591 Idem
468 1531 540 1591 VII.
563 1531 648 1591 10.4:
670 1531 755 1590 Nam
776 1535 899 1609 quanta
920 1530 1040 1591 fuerint
1058 1529 1253 1609 Diurpanei,
1275 1530 1443 1591 Dacorum
1464 1542 1496 1595 10

315 1629 411 1705 regis,
447 1648 522 1689 cum
560 1628 664 1688 Fusco
703 1627 784 1689 duce
822 1627 945 1707 proelia
980 1632 1184 1707 quantaeque
1216 1627 1442 1689 Romanorum

315 1724 439 1801 aledea,
468 1725 564 1802 longo
589 1730 681 1786 textu
704 1724 902 1802 evolverem,
931 1725 994 1785 nisi
1016 1723 1183 1785 Cornelius
1205 1724 1353 1801 Tacitus,
1383 1725 1441 1804 qui

315 1822 399 1884 hano
428 1822 596 1884 historiam
618 1822 863 1900 diligentissime
884 1822 1066 1899 contexuit,
1096 1821 1135 1883 de
1156 1821 1320 1883 reticendo
1341 1822 1441 1883 inter·

315 1920 472 1981 lectorum
501 1939 636 1981 numero
664 1923 696 1980 et
723 1919 915 1980 Sallustium
944 1919 1095 1998 Crispum
1124 1925 1157 1980 et
1183 1918 1263 1980 alios
1290 1924 1441 1981 auctores

315 2037 414 2096 quam
443 2017 601 2097 plurimos
629 2018 774 2078 sanxisse
799 2022 832 2078 et
852 2037 886 2079 se
908 2017 1016 2097 ipsum
1037 2017 1125 2078 idem
1146 2017 1352 2097 potissimum
1378 2017 1492 2082 ele-15

314 2115 396 2192 gissa
418 2115 561 2177 dixisset.

280 2225 298 2287 7
354 2214 437 2273 Idem
475 2215 546 2274 VII.
568 2214 652 2274 345:
681 2213 882 2274 Theodosius
993 2213 1153 2273 maximas
1174 2211 1248 2273 illas
1268 2212 1439 2292 Scythicas

313 2317 423 2388 gentes
450 2311 702 2391 formidatasque
731 2311 856 2371 cunetis
877 2309 1070 2387 maioribus,
1099 2308 1285 2370 Alexandro
1307 2327 1440 2389 quoque

312 2408 362 2468 illi
391 2408 524 2486 Magno,
553 2409 637 2470 sicut
664 2408 837 2487 Pompeius
867 2408 1098 2488 Corneliusque
1119 2407 1229 2468 testati
1250 2412 1342 2483 sunt,
1373 2408 1440 2467 evi-

312 2511 396 2567 tatas
418 2554 501 2585 .....
530 2507 590 2567 hoc
619 2511 667 2567 est
694 2506 815 2567 Alanos
844 2506 962 2566 Hunos
990 2509 1021 2566 et
1043 2504 1183 2582 Gothos,
1211 2504 1441 2565 incunctanter
1458 2517 1492 2573 ΞΟ

313 2604 481 2680 adgressus
502 2605 627 2682 magnis
650 2603 826 2683 multisque
847 2604 978 2683 proeliis
999 2603 1086 2664 vicit.

278 2712 298 2773 8
352 2701 449 2762 Servii
473 2704 625 2764 Coronaest
645 2703 680 2762 ia
707 2703 789 2781 Vero.
811 2703 889 2763 Aeo.
911 2702 977 2762 III.
999 2700 1057 2761 399
1072 2702 1113 2780 (l.
1129 2722 1159 2780 p.
1175 2700 1235 2767 413
1249 2700 1298 2761 ed.
1314 2699 1438 2779 Thilo).

313 2799 359 2859 Hi
387 2820 462 2862 vero
491 2801 628 2879 (Locri),
657 2800 713 2880 qui
740 2800 835 2861 iuxta
857 2800 1000 2879 Delphos
1022 2798 1149 2877 colunt,
1175 2798 1290 2861 Ozolae
1312 2817 1439 2859 nuncu-

312 2903 432 2975 pantur
569 2899 625 2978 qui
662 2904 772 2959 autem
805 2897 941 2977 Lybiam
975 2897 1075 2958 delati
1106 2901 1198 2974 sunt,
1235 2896 1439 2957 Nasamones

312 2995 533 3073 appellantur,
565 3000 603 3055 ut
630 2995 797 3056 Cornellus
826 2995 957 3056 Tacitus
984 2994 1096 3070 refert,
1128 2993 1257 3055 oriundi
1286 3014 1305 3055 a
1334 2994 1439 3074 Nary-
1457 3009 1489 3062 ‘25

311 3091 369 3153 ciis
390 3103 440 3154 cet.
