3409 4909
282 392 308 443 p.
328 375 378 426 Ch.
399 376 446 441 69)
632 391 861 434 nrsroamauu
882 373 907 433 Ι.
931 372 1059 437 72-76.
1368 374 1404 434 41

282 558 373 620 diam
396 559 581 636 offerentes3
603 560 792 639 increpabat
812 560 913 636 ultr03
936 560 1023 638 quod
1045 565 1136 620 tanto
1158 564 1232 620 ante
1249 558 1406 620 traditum

282 656 418 719 Vitellio
456 657 629 737 imperium
667 657 710 718 ad
744 657 907 719 Othonem
938 658 1117 719 vertissent.
1157 657 1209 717 Ita
1239 656 1406 735 promissis
1421 661 1461 723 75

282 755 385 816 simul
415 775 453 816 ac
481 756 578 817 minis
605 756 866 835 temptabantur,
898 761 935 816 ut
962 755 1048 816 bello
1076 757 1232 835 impares,
1265 754 1299 814 in
1328 773 1406 833 pace

281 853 367 914 nihil
389 854 556 930 amissuri3
578 873 682 932 neque
703 853 776 914 ideo
797 854 1073 934 praetorianorum
1094 852 1172 913 fides
1188 858 1322 913 mutata.
1345 852 1407 913 Sed

246 951 489 1017 5insidiatores
517 952 558 1013 ab
586 951 713 1013 Othone
734 952 768 1012 in
790 952 1014 1029 Germaniam,
1044 972 1063 1011 a
1085 950 1216 1012 Vitellio
1237 951 1272 1010 in
1293 950 1407 1011 urbem

282 1047 392 1109 missi:
418 1049 565 1132 utrisque
585 1048 704 1110 frustra
725 1049 803 1119 fuit,
826 1048 1009 1109 Vitellianis
1030 1048 1181 1134 impunc,
1204 1068 1260 1126 per
1280 1052 1405 1108 tantam

280 1146 458 1207 hominum
479 1146 724 1207 multitudinem
746 1151 862 1207 mutua
883 1147 1064 1223 ignorantia
1082 1145 1285 1222 fallentibus,
1309 1145 1407 1206 Otho-

281 1244 376 1305 niani
391 1244 536 1305 novitate
552 1244 678 1319 vulturi,
700 1244 851 1305 omnibus
866 1245 900 1304 in
916 1245 1018 1305 vicem
1034 1244 1157 1321 gnaris,
1179 1243 1405 1322 prodebantur.

281 1341 438 1402 Vitellius
462 1341 586 1403 litteras
608 1343 650 1403 ad
670 1342 853 1418 Titianum,
882 1342 1014 1403 fratrem
1037 1342 1191 1418 Othonis,
1219 1342 1406 1420 conposuit,

231 1452 263 1508 10
280 1439 423 1500 exitium
444 1439 508 1518 ipsi
529 1439 660 1519 filioque
680 1440 749 1501 eius
770 1440 942 1517 minitans,
967 1441 1001 1500 ni
1024 1440 1200 1501 incolumes
1221 1438 1284 1499 sibi
1305 1444 1407 1498 mater

281 1556 320 1597 ac
348 1535 444 1597 liberi
465 1543 683 1599 servarentur:
712 1542 745 1599 et
765 1538 855 1598 stetit
876 1537 992 1597 domus
1014 1542 1166 1616 utraque,
1196 1537 1255 1597 sub
1278 1536 1406 1597 Othone

280 1634 445 1695 incertum
467 1654 509 1695 an
530 1641 636 1712 metu;
658 1635 810 1697 Vitellius
832 1636 935 1697 victor
956 1636 1144 1696 clementiae
1165 1634 1301 1711 gloriam
1321 1634 1404 1694 tulit.

323 1731 453 1794 Primus
494 1733 614 1794 Othoni
653 1733 806 1794 fiduciam
845 1733 972 1794 addidit
1009 1753 1050 1793 ex
1088 1733 1219 1811 Illyrico
1254 1733 1405 1809 nuntius,
1421 1737 1438 1756 '

281 1828 407 1890 iurasse
428 1830 463 1889 in
484 1849 560 1890 eum
581 1830 762 1892 Dalmatiae
785 1851 821 1892 ac
842 1832 1029 1891 Pannoniae
1051 1835 1083 1891 et
1101 1831 1241 1890 Moesiae
1257 1830 1404 1906 legiones.

232 1944 263 2000 15
282 1926 380 1988 Idem
407 1948 448 1988 ex
476 1928 638 2008 Hispania
662 1928 825 2006 adlatum,
853 1929 1069 2008 laudatusque
1091 1948 1148 2008 per
1169 1929 1310 1989 edictum
1333 1927 1406 1988 Clu-

282 2025 358 2087 vius
381 2024 501 2102 Rufus3
523 2030 556 2086 et
576 2026 686 2086 statim
708 2026 874 2103 cognitum
895 2031 944 2087 est
964 2045 1152 2087 conversam
1174 2025 1215 2085 ad
1237 2024 1406 2086 Vitellium

282 2124 491 2202 Hispaniam.
531 2124 578 2184 Ne
616 2124 794 2202 Aquitania
829 2124 978 2203 quidem,
1017 2143 1217 2204 quamquam
1249 2124 1289 2184 ab
1322 2122 1406 2183 Iulio

281 2220 390 2283 Cordo
422 2222 457 2283 in
488 2222 587 2283 verba
618 2222 756 2284 Othonis
788 2223 957 2300 obstricta,
991 2222 1046 2283 diu
1075 2223 1204 2282 mansit.
1237 2223 1406 2299 Nusquam

281 2318 364 2380 fides
393 2324 451 2380 aut
477 2339 584 2381 amor:
612 2325 702 2381 metu
731 2340 767 2381 ac
789 2320 978 2381 necessitate
1000 2321 1064 2380 huc
1086 2319 1164 2380 illuc
1185 2320 1405 2379 mutabantur.

232 2431 264 2490 20
282 2417 408 2478 Eadem
437 2416 575 2478 formido
599 2417 800 2497 provinciam
822 2418 1062 2478 Narbonensem
1085 2417 1125 2477 ad
1148 2416 1317 2477 Vitellium
1339 2436 1407 2476 ver-

281 2514 340 2591 tit,
373 2514 461 2576 facili
492 2515 631 2576 transitu
659 2515 700 2576 ad
728 2516 895 2594 proximos
923 2521 955 2577 et
983 2515 1164 2576 validiores.
1197 2515 1406 2591 longinquae

281 2612 487 2693 provinciae,
525 2617 558 2673 et
595 2613 750 2693 quicquid
782 2633 947 2674 armorum
979 2614 1060 2674 mari
1092 2612 1270 2687 dirimitur,
1309 2630 1406 2689 penes

282 2710 449 2772 Othonem
476 2709 668 2787 manebant,
697 2730 762 2771 non
790 2712 934 2789 partium
960 2710 1083 2787 studio;
1112 2709 1168 2769 sed
1197 2714 1264 2770 erat
1287 2709 1407 2786 grande

282 2813 489 2870 momentum
516 2808 552 2868 in
576 2809 709 2869 nomine
729 2809 818 2870 urbis
840 2829 877 2870 ac
899 2814 1065 2888 praetexto
1087 2814 1233 2884 senatus,
1262 2813 1295 2868 et
1316 2826 1407 2867 occu-

233 2923 262 2978 25
281 2909 419 2985 paverat
446 2906 574 2966 animos
602 2906 690 2985 prior
717 2906 858 2968 auditus.
888 2906 1058 2967 Iudaicum
1088 2906 1264 2967 exercitum
1288 2906 1407 2985 Vespa-

281 3004 412 3080 sianus,
426 3002 537 3081 Syriae
551 3002 692 3081 legiones
708 3004 879 3065 Mucianus
894 3010 1096 3065 sacramento
1112 3004 1249 3066 Othonis
1265 3004 1405 3081 adegere3

281 3101 384 3163 simul
415 3101 582 3181 Aegyptus
614 3100 801 3181 omnesque
822 3122 932 3163 versae
963 3103 997 3161 in
1030 3103 1194 3163 Orientem
1222 3102 1406 3181 provinciae

280 3199 416 3261 nomine
447 3199 516 3260 eius
547 3200 748 3261 tenebantur.
788 3199 880 3261 Idem
913 3200 1038 3260 Africae
1069 3199 1277 3279 obsequium,
1313 3200 1406 3260 initio

279 3295 480 3376 ,Carthagine
508 3300 594 3374 orto;
622 3316 728 3376 neque
756 3302 925 3377 expectata
956 3297 1106 3376 Vipstani
1135 3297 1314 3376 Aproniani
1336 3316 1406 3375 pro-

234 3414 261 3468 ιο
282 3393 428 3455 consulis
455 3393 646 3455 auctoritate
674 3394 844 3471 CrescenS,
875 3395 1010 3455 Neronis
1039 3394 1172 3455 libertus
1202 3397 1292 3472 (nam
1320 3393 1405 3453 ethi

283 3490 381 3552 malis
409 3491 610 3570 temporibus
638 3497 763 3571 partem
793 3512 826 3553 se
850 3493 896 3553 rei
917 3492 1067 3572 publicae
1089 3493 1243 3569 faciunt),
1272 3491 1406 3569 epulum

281 3588 372 3669 plebi
404 3588 445 3650 ob
476 3588 635 3650 laetitiam
666 3590 801 3651 recentis
831 3590 961 3669 imperii
991 3590 1168 3667 obtulerat,
1204 3594 1235 3650 et
1266 3589 1406 3667 populus

318 3817 345 3869 3.
368 3815 523 3867 tendebatur
541 3834 565 3867 a.
591 3846 625 3853 —
643 3814 668 3868 8.
694 3816 781 3882 gnaris
799 3815 881 3866 Rhea.
909 3815 1006 3881 ignaris
1025 3815 1064 3865 ab.
1086 3844 1118 3852 —
1138 3815 1162 3866 9.
1183 3814 1317 3865 Titianum
1336 3816 1364 3879 cs.
1384 3832 1405 3864 c.

282 3903 364 3957 7790
389 3904 520 3955 tutianum
544 3905 584 3955 ab.
610 3934 644 3942 -
671 3903 712 3956 12.
738 3923 754 3955 α
772 3905 857 3955 uerbis
876 3888 999 3954 admotu
1018 3905 1100 3954 denuo
1115 3904 1199 3970 pergit
1214 3910 1272 3969 post
1292 3904 1407 3953 lacunam

282 3993 347 4044 liber
364 3992 396 4043 F.
423 4021 457 4029 —
478 3992 519 4045 16.
544 4000 582 4043 set
601 3991 693 4042 strar.
714 4022 746 4029 -
769 3993 809 4044 17.
829 3996 951 4058 quairqua
969 3992 999 4042 F.
1021 4021 1053 4029 -—
1076 3990 1115 4043 19.
1135 3992 1312 4059 mutabantur]
1333 3999 1406 4042 nuta-

282 4082 347 4133 bant
363 4080 497 4148 Pluypers.
517 4111 551 4119 —-
570 4080 613 4131 22.
633 4080 755 4147 quicquid
774 4081 804 4131 F.
825 4110 858 4117 —
878 4079 920 4131 27.
940 4086 985 4130 usa
1003 4080 1032 4130 F.
1054 4110 1086 4117 -
1106 4079 1148 4132 29.
1169 4080 1269 4145 vipsani
1289 4080 1319 4130 F.
