3409 4909
288 493 314 541 p.
336 474 384 525 Ch.
405 474 450 541 69)
626 490 853 533 nrsrorunnun
875 473 937 532 ΙΙΙ.
960 473 1088 536 47-51.
1357 471 1415 532 133

288 658 444 720 seditiosa
472 665 504 720 et
530 657 784 738 corrumpendae
805 658 995 737 disciplinae
1018 677 1095 719 mox
1116 659 1150 718 in
1171 657 1325 737 praedam
1347 679 1415 721 ver·

289 756 396 833 tebat,
418 756 502 816 nihil
523 754 753 817 adventantem
776 755 966 816 Mucianum
984 756 1120 833 veritus,
1143 756 1231 836 quod
1246 757 1414 818 exitiosius

290 861 361 915 erat
382 873 481 933 quarn
502 854 739 933 Vespasianum
755 854 921 932 sprevisse.
945 854 1094 915 Ceterum
1109 854 1293 934 propinqua
1307 855 1414 916 hieme
1428 854 1468 917 50
1513 862 1518 873 '

290 957 323 1012 et
346 951 533 1012 umentibus
554 951 643 1012 Pado
664 951 787 1030 campis
806 951 997 1029 expeditum
1012 971 1127 1029 agmen
1141 952 1295 1012 incedere.
1318 952 1415 1029 Signa

248 1049 485 1128 5aquilaeque
526 1049 709 1111 victricium
751 1049 932 1127 legionum,
975 1050 1094 1109 milites
1135 1049 1320 1110 volneribus
1359 1055 1416 1111 aut

290 1153 397 1208 aetate
424 1166 552 1225 graves,
582 1146 726 1226 plerique
755 1147 853 1207 etiam
879 1147 993 1225 integri
1014 1148 1160 1208 Veronae
1181 1146 1299 1224 relicti;
1329 1147 1415 1208 suffi-

290 1264 362 1306 cere
394 1245 541 1306 cohortes
572 1244 706 1323 alaeque
737 1250 769 1305 et
799 1264 815 1305 e
843 1244 1023 1321 legionibus
1052 1245 1124 1305 lecti
1153 1244 1321 1323 profligato
1349 1246 1415 1305 iam

290 1342 378 1405 bello
409 1342 612 1404 videbantur.
653 1341 831 1403 Undecima
862 1342 945 1419 legio
976 1362 1044 1403 sese
1076 1343 1283 1418 adiunxerat,
1322 1343 1415 1403 initio

290 1446 461 1518 cunctata,
494 1441 550 1501 sed
582 1440 741 1521 prosperis
769 1439 864 1501 rebus
894 1440 1007 1517 anxia,
1040 1439 1128 1519 quod
1156 1439 1325 1516 defuisset3
1358 1459 1416 1501 sex

231 1556 271 1611 10
290 1538 385 1598 milia
410 1538 653 1616 Dalmatarum,
682 1557 791 1599 recens
813 1538 966 1614 dilectus,
995 1537 1233 1599 comitabantur
1240 1557 1248 1614 ;
1277 1537 1416 1598 ducebat

290 1636 467 1715 Pompeius
488 1636 639 1698 Silvanus
654 1636 846 1713 consularis,
869 1637 918 1697 vis
933 1636 1140 1698 consiliorum
1157 1655 1254 1715 penes
1269 1636 1414 1695 Annium

289 1733 446 1806 Bassum,
474 1732 607 1810 legionis
636 1733 794 1810 legatum:
823 1734 850 1793 is
876 1733 1061 1811 Silvanum,
1091 1733 1255 1794 socordem
1277 1731 1363 1793 bello
1384 1737 1416 1793 et

290 1828 360 1889 dies
375 1849 480 1890 rerum
497 1830 603 1892 verbis
617 1834 774 1891 terentem
789 1832 894 1911 specie
910 1831 1042 1911 obsequi
1058 1831 1201 1908 regebat,
1218 1829 1297 1907 <ad>
1314 1830 1415 1890 omni·

289 1945 391 2003 aque,
417 1945 499 2006 quae
521 1926 644 2004 agenda
664 1927 785 2004 forent,
807 1929 917 2007 quieta
938 1947 1013 1988 curn
1035 1928 1195 1989 industria
1216 1927 1335 1988 aderat.
1364 1927 1416 1987 Ad

232 2045 269 2098 15
289 2024 351 2084 has
383 2025 492 2104 copias
521 2045 537 2085 a
565 2025 706 2086 classicis
735 2025 994 2103 Ravennatibus,
1026 2025 1237 2103 legionariam
1264 2024 1416 2086 militiam

288 2121 515 2201 poscentibus,
555 2123 697 2202 optimus
736 2123 875 2203 quisque
912 2123 1042 2185 adsciti:
1080 2124 1215 2184 classem
1247 2123 1416 2183 Dalmatae

289 2219 492 2298 supplevere.
532 2219 701 2281 Exercitus
734 2220 896 2298 ducesque
928 2220 970 2281 ad
1002 2223 1129 2281 Fanum
1163 2221 1325 2282 Fortunae
1356 2221 1416 2281 iter

288 2317 427 2393 sistunt,
456 2316 496 2377 de
523 2337 652 2378 summa
676 2337 784 2379 rerum
805 2323 1011 2397 cunctanteS,
1041 2318 1128 2396 quod
1149 2323 1253 2379 motas
1276 2338 1316 2379 ex
1338 2319 1416 2379 urbe

289 2415 467 2493 praetorias
495 2415 642 2477 cohortes
670 2415 840 2477 audierant
868 2422 900 2477 et
926 2417 1029 2478 teneri
1057 2416 1225 2496 praesidiis
1251 2417 1416 2495 Appenni-

232 2531 271 2587 20
289 2531 373 2571 num
404 2512 557 2573 rebantur
564 2533 572 2589 ;
604 2518 636 2573 et
664 2514 750 2591 ipsos
778 2514 812 2573 in
840 2514 968 2591 regione
995 2514 1080 2575 bello
1109 2514 1219 2575 attrita
1247 2514 1358 2593 inopia
1384 2519 1416 2573 et

290 2608 462 2669 seditiosae
500 2608 644 2670 militum
682 2628 776 2671 voces
814 2610 993 2688 terrebant,
1036 2610 1215 2672 clavarium
1255 2611 1415 2689 (donativi

290 2725 411 2767 nornen
433 2709 495 2785 est)
515 2707 749 2784 flagitantium,
772 2727 830 2768 nec
852 2709 1024 2787 pecuniam
1046 2713 1103 2769 aut
1125 2708 1325 2770 frumentum
1345 2729 1415 2787 pro-

290 2804 456 2881 viderant,
485 2810 517 2866 et
544 2805 707 2866 festinatio
735 2810 832 2885 atque
861 2806 999 2867 aviditas
1025 2806 1290 2885 praepediebant,
1320 2805 1415 2883 dum,

290 2919 375 2980 quae
396 2902 500 2981 accipi
515 2907 680 2981 poterant,
702 2904 881 2982 rapiuntur.
905 2903 1136 2964 Celeberrimos
1151 2910 1296 2965 auctores
1312 2904 1415 2965 habeo
1430 2910 1467 2972 51

233 3020 270 3076 25
290 3003 418 3058 tantam
440 2999 615 3060 victoribus
635 3000 789 3062 adversus
803 3000 852 3062 fas
868 3001 1021 3080 nefasque
1037 3002 1284 3063 inreverentiam
1300 3001 1414 3077 fuisse,

290 3100 329 3155 ut
356 3096 519 3173 gregarius
547 3117 644 3176 eques
673 3099 815 3159 occisum
837 3119 856 3158 a
877 3118 911 3159 se
932 3100 1082 3179 proxima
1102 3100 1171 3159 acie
1192 3099 1324 3159 fratrem
1346 3117 1416 3177 pro·

290 3192 394 3254 fessus
423 3196 604 3272 praemium
632 3216 651 3255 a
679 3195 816 3257 ducibus
842 3198 971 3275 petierit
978 3218 985 3274 ;
1016 3216 1074 3258 nec
1096 3196 1160 3257 illis
1182 3202 1238 3257 aut
1259 3197 1416 3257 honorare

291 3310 364 3351 earn
386 3291 518 3353 caedem
539 3293 590 3354 ius
612 3293 784 3354 hominum
806 3299 864 3354 aut
877 3294 990 3355 ulcisci
1004 3296 1086 3356 ratio
1101 3294 1177 3355 belli
1193 3293 1415 3373 permittebat:

291 3389 487 3451 distulerant
517 3397 687 3470 tamquam
715 3392 839 3453 maiora
867 3394 1033 3469 meritum,
1067 3412 1165 3471 quam
1194 3411 1276 3471 quae
1305 3390 1415 3451 statim

235 3510 272 3565 30
291 3487 535 3566 exolverentur;
559 3508 616 3550 nec
638 3490 814 3568 quicquam
834 3489 922 3550 ultra
943 3490 1090 3551 traditur.
1113 3490 1263 3549 Ceterum
1285 3493 1316 3548 ct
1333 3488 1416 3567 prio-

291 3585 381 3646 ribus
410 3586 532 3647 civium
561 3586 654 3648 bellis
679 3608 737 3668 par
758 3588 862 3649 scelus
884 3588 1049 3650 inciderat.
1081 3589 1163 3647 Nam
1185 3587 1322 3666 proeli0,
1352 3605 1415 3664 quo

291 3690 384 3761 aput·
400 3683 584 3745 Ianiculum
614 3684 768 3747 adversus
793 3687 931 3747 Cinnam
953 3692 1135 3765 pugnatum
1157 3691 1221 3761 est,
1250 3684 1415 3762 Pompeia-

326 3921 351 3972 5.
379 3918 554 3988 uiluictririr'r
583 3920 604 3970 F
633 3920 669 3986 (ui
693 3921 741 3970 del.
768 3938 800 3969 τη.
827 3921 863 3984 1).
893 3950 926 3956 -
951 3919 976 3973 8.
1006 3918 1174 3969 adiuncxcrat
1200 3918 1229 3968 F.
1260 3946 1291 3953 -
1314 3917 1354 3968 13.
1383 3914 1415 3965 ad

291 4009 361 4059 omis.
388 4009 411 4059 F
429 4009 488 4059 odd.
509 4009 607 4059 Pbtcol.
638 4007 681 4064 (ct
700 4008 751 4078 ad>
772 4008 863 4059 Halm.
893 4038 925 4045 -
945 4007 987 4060 20.
1016 4009 1130 4073 regione}
1151 4006 1250 4068 legione
1270 4006 1299 4055 F.
1320 4035 1353 4042 —
1372 4005 1414 4056 26.

290 4097 423 4164 gregarios
450 4097 493 4148 F1.
523 4128 555 4135 -
585 4096 627 4150 29.
656 4097 812 4148 distulerunt
839 4098 894 4147 cdd.
922 4115 972 4163 seq.
1003 4126 1035 4134 -
1064 4113 1141 4161 quma
1171 4111 1237 4160 quae
1261 4093 1416 4143 Puteolanus

290 4196 414 4253 quanqua
434 4186 464 4237 F.
486 4216 518 4223 —
538 4186 580 4239 30.
601 4186 743 4252 quidquam
762 4187 785 4236 F
804 4188 833 4252 cf.
856 4184 959 4238 12430.
