3409 4909
239 517 264 566 p.
285 498 333 549 Ch.
354 499 401 564 69)
592 516 820 559 msronmaun
842 498 904 559 ΙΙΙ.
928 498 1015 559 1-3.
1307 498 1363 561 107

240 684 317 745 circo
344 704 457 762 quoque
485 704 521 744 ac
542 684 667 744 theatris
687 692 713 744 et
734 685 915 746 amoenitate
934 684 1017 745 urbis
1037 686 1194 745 euroltlitos
1214 693 1268 746 aut
1287 686 1365 746 oule-

241 781 398 842 tudim'bus
414 781 516 859 fessos.
539 781 598 842 Sed
618 781 725 842 addito
745 784 844 860 spatio
864 782 1034 843 rediturum
1054 791 1080 842 et
1101 782 1149 843 his
1168 783 1257 843 robur
1272 784 1366 844 medi-

241 880 356 940 tatione
379 879 462 957 lrdli,
492 899 544 940 nec
560 881 667 959 procul
689 880 901 958 Germaniam,
929 880 1009 940 unde
1029 880 1124 955 oires;
1152 881 1365 942 Brittanniam

236 977 318 1055 freto
340 977 464 1055 dirimi,
486 978 573 1038 iunta
596 977 716 1039 Gallias
736 978 968 1057 Hispaniasque
974 1000 987 1053 ;
1011 979 1162 1056 utrimque
1182 980 1260 1040 uiros
1281 999 1366 1057 equos

207 1076 371 1153 stuata,
404 1076 560 1154 ipsamque
587 1076 717 1137 Italiam
744 1084 771 1136 et
798 1095 866 1154 opes
892 1075 989 1153 urbis,
1021 1095 1057 1135 ac
1084 1075 1111 1134 si
1138 1075 1251 1153 inferre
1278 1097 1366 1137 arnna

240 1174 321 1233 ultro
341 1172 449 1250 uelint,
472 1173 550 1234 duas
570 1174 674 1234 classes
694 1193 877 1251 uacuumque
897 1173 1057 1251 Illyricam
1076 1193 1168 1234 mare.
1200 1173 1282 1246 Quid
1303 1183 1367 1235 tum

241 1271 376 1331 claustra
402 1270 552 1331 montium
574 1271 765 1349 profuturo?
792 1271 868 1349 quid
896 1279 1025 1331 tractum
1052 1271 1087 1330 in
1107 1279 1249 1332 aestatem
1270 1273 1367 1333 aliam

241 1368 372 1429 bellum?
399 1369 480 1429 uude
506 1370 631 1430 interim
651 1370 816 1448 pecuniam
836 1378 863 1429 et
884 1369 1084 1429 commeatus?
1113 1369 1195 1442 Quin
1211 1372 1315 1449 potius
1336 1391 1366 1431 eo

241 1468 308 1547 ipso
336 1475 505 1545 uterentur,
534 1468 613 1546 quod
636 1469 834 1529 Pannonicae
856 1468 981 1545 leqiones
1002 1468 1137 1546 deceptae
1158 1469 1255 1545 maqis
1276 1488 1367 1545 quam

191 1572 224 1627 10
241 1566 338 1625 uictae
358 1584 507 1643 resurqere
526 1565 562 1624 in
582 1565 727 1626 ultionem
742 1573 919 1644 properent,
941 1565 1064 1626 Moesici
1081 1565 1221 1626 coercitus
1235 1565 1367 1643 intepras

241 1663 319 1723 uires
349 1662 531 1722 attulerint?
567 1662 602 1722 st
632 1682 772 1723 nunumrs
801 1664 938 1724 militum
965 1664 1068 1742 potius
1099 1683 1191 1741 quam
1219 1663 1367 1742 lepionum

241 1766 379 1837 putetur,
403 1760 476 1837 plus
504 1758 575 1819 ltine
597 1759 724 1837 roboris,
745 1760 828 1820 nihil
849 1760 1032 1835 libidinum·
1061 1769 1087 1821 et
1103 1760 1257 1839 profuisse
1278 1760 1366 1820 disci-

238 1856 348 1935 pliuae
368 1856 470 1935 ipsum
485 1856 640 1935 pudorem.
669 1858 792 1935 Equites
812 1879 879 1919 uero
899 1878 936 1919 ne
959 1868 1021 1919 tum
1042 1859 1163 1937 quidem
1182 1860 1287 1933 uictos,
1317 1859 1368 1919 sed

243 1974 429 2033 quamquam
456 1954 541 2015 rebus
568 1955 700 2016 aduersis
728 1956 885 2017 disiectam
912 1957 1027 2017 Vitellii
1048 1958 1149 2018 aciem.
1180 1957 1277 2034 ,Duae
1298 1965 1368 2017 tunc

190 2063 223 2116 15
242 2052 442 2113 Pannonicae
468 2072 505 2112 ac
532 2053 679 2113 Moesicae
705 2054 774 2114 alae
799 2074 958 2133 perrupere
985 2055 1112 2115 hostem:
1140 2075 1221 2115 nunc
1244 2054 1368 2116 sedecim

242 2150 367 2210 alarum
395 2149 554 2210 coniuncta
581 2150 670 2227 siqua
694 2152 787 2229 pulsu
813 2154 969 2232 sonituque
996 2162 1023 2213 et
1048 2153 1124 2214 nahe
1145 2154 1214 2232 ipsa
1235 2155 1367 2233 operiam

241 2267 279 2308 ac
304 2247 525 2326 superfundent
553 2248 656 2309 oblitos
678 2250 864 2327 proeliorum
891 2252 1000 2329 equites
1026 2272 1175 2330 equosque.
1203 2253 1276 2312 Nisi
1301 2252 1368 2330 quis

241 2346 367 2423 retinet,
388 2345 469 2406 idem
489 2365 594 2406 mensor
614 2355 773 2425 auctorque
793 2350 912 2410 consilii
933 2370 988 2410 ero.
1024 2350 1094 2428 Vos,
1116 2351 1221 2428 quibus
1237 2350 1367 2428 fortuna

243 2444 280 2504 iu
307 2444 423 2522 inteqro
448 2452 504 2521 est,
535 2444 660 2522 leqiones
680 2446 842 2506 continete:
868 2447 948 2507 milti
968 2448 1119 2526 expeditae
1140 2447 1268 2508 cohortes
1287 2448 1367 2525 suffi-

190 2551 226 2605 20
243 2543 330 2604 cient.
362 2542 433 2601 Iam
464 2550 628 2602 reseratam
657 2543 802 2620 Italiam,
833 2545 973 2623 inpulsus
1011 2545 1126 2605 Vitellii
1153 2565 1198 2605 res
1226 2545 1365 2606 audictis.

242 2639 366 2700 Iurabit
386 2640 469 2717 sequi
489 2647 517 2699 et
536 2640 670 2718 oestiqiis
690 2640 836 2700 vincentis
857 2641 1012 2702 insistere)

284 2736 375 2797 Haec
397 2755 433 2796 ac
454 2736 535 2796 talia
554 2736 694 2813 flagrans
715 2737 834 2814 oculis,
855 2738 939 2798 truoi
960 2758 1053 2815 voce,
1076 2756 1140 2816 quo
1161 2737 1259 2797 latius
1278 2736 1401 2811 audi-3

242 2838 332 2894 retur
363 2834 498 2911 (etenim
530 2853 563 2894 se
595 2835 798 2895 centuriones
831 2840 863 2896 et
893 2836 1025 2915 quidam
1059 2835 1202 2895 militum
1234 2834 1367 2894 consilio

242 2931 473 3009 miscuerant),
501 2931 547 2991 ita
568 2931 699 3009 effudit,
725 2938 763 2993 ut
784 2938 895 2993 cautos
917 2952 1046 3012 quoque
1067 2952 1104 2993 ac
1125 2931 1278 3011 providos
1299 2951 1368 3011 per-

190 3039 224 3094 25
243 3035 405 3105 moveret,
437 3029 551 3107 volgus
582 3034 614 3090 et
642 3030 737 3090 ceteri
765 3050 868 3091 unum
897 3032 1004 3091 virum
1032 3030 1228 3109 ducemque,
1260 3034 1368 3109 spreta

243 3127 384 3188 aliorum
404 3127 557 3205 segnitia,
579 3127 731 3189 laudibus
745 3128 872 3189 ferrent.
895 3129 990 3189 Hanc
1005 3129 1055 3188 sui
1069 3128 1191 3188 famam
1206 3147 1243 3188 ea
1258 3128 1368 3189 statim

243 3224 395 3286 contione
416 3230 652 3302 commoverat,
674 3245 739 3303 qua
760 3226 900 3287 recitatis
923 3226 1113 3305 Vespasiani
1136 3225 1283 3304 epistulis
1302 3245 1367 3285 non

242 3326 283 3383 ut
308 3322 454 3401 plerique
474 3322 597 3384 incerta
618 3322 785 3401 disseruit,
815 3323 879 3384 huc
900 3323 978 3384 illuc
998 3328 1160 3384 tracturus
1181 3323 1368 3401 interpreta-

243 3420 348 3497 tione,
386 3425 483 3499 prout
520 3420 744 3481 conduxisset:
783 3426 892 3500 aperte
932 3420 1133 3482 descendisse
1170 3420 1204 3479 in
1237 3438 1368 3480 causam

280 3779 306 3829 4.
333 3774 418 3848 (uix)
444 3777 531 3828 dirimi
551 3775 579 3829 0.
604 3776 643 3827 M.
668 3776 808 3827 Francken.
835 3806 868 3813 —
888 3776 912 3829 6.
938 3775 1103 3841 issyriounare
1122 3775 1144 3825 F
1164 3774 1232 3841 (del.
1253 3781 1308 3838 cst).
1336 3804 1368 3811 —

376 3883 391 3917 e

244 3938 270 3991 9.
292 3938 401 4004 legionis
425 3937 455 3988 F.
481 3968 515 3975 -
542 3936 582 3989 18.
609 3946 713 3987 suaosor
736 3937 759 3987 F
782 3935 852 4001 (del.
880 3935 933 4001 est).
960 3966 994 3973 -
1019 3935 1059 3987 19.
1085 3942 1225 4000 auctorque
1251 3934 1273 3985 F
1298 3943 1369 3985 actor

244 4027 335 4091 Iacob,
361 4026 406 4077 sed
429 4027 490 4077 citat
512 4025 596 4077 Halm
620 4024 671 4077 Cio.
697 4026 729 4077 de
747 4026 790 4076 ott.
810 4025 863 4075 ΙΙΙ.
885 4024 950 4078 10οτ
976 4024 1051 4075 tritu
1070 4023 1205 4075 deditionis
1224 4023 1370 4073 Postumius

244 4123 269 4167 et
286 4132 378 4166 mrosor
396 4122 419 4166 et
438 4121 524 4165 auctor
538 4115 597 4180 fruit.
618 4143 651 4151 —
670 4112 712 4166 20.
732 4122 871 4164 reseratam
890 4114 993 4165 Italiam
1013 4113 1127 4164 Pictma
1145 4129 1231 4163 resera
1243 4109 1246 4182 1
1259 4120 1286 4163 tu
1306 4113 1370 4163 mili-

245 4203 280 4255 rie
305 4204 336 4255 F.
365 4232 397 4241 -
422 4201 466 4256 25.
491 4207 578 4254 cetera
596 4200 632 4251 Fl
650 4203 722 4269 (corr.
742 4202 876 4268 inceleri)
896 4204 924 4269 cf.
947 4203 1014 4254 14.1.
1036 4232 1068 4239 -
1088 4201 1130 4255 28.
1151 4188 1319 4267 Intptutioni
1339 4202 1368 4252 F.
