3409 4909
269 498 297 547 P·
321 480 436 547 011·69)
612 498 839 542 nrsronmnun
862 481 923 541 ΠΙ.
946 481 1074 542 65-68.
1344 481 1402 542 143

271 666 406 743 relictos,
437 667 499 728 uisi
522 666 603 744 forte
636 668 836 747 Vespusiuuus
863 669 983 729 altiores
1009 668 1135 747 spiritus
1161 677 1261 747 perot,
1302 669 1402 729 Vitelli

273 764 382 842 cliens,
410 785 478 825 eum
508 765 646 826 Vitellius
666 766 775 844 collepu
798 765 928 826 Claudio
946 766 1034 842 foret.
1065 766 1163 844 Quin,
1192 774 1226 826 ut
1247 785 1403 826 eeu-eurum

270 863 389 941 putria,
411 871 446 923 ut
468 871 525 924 tres
544 865 729 941 emutatus,
750 872 785 924 ut
807 872 848 924 tot
869 864 1001 942 eprepiue
1021 864 1126 925 domm
1140 864 1262 925 bonores
1276 865 1400 938 deceret,

275 960 480 1039 desperatione
506 953 612 1022 sallem
638 962 673 1021 iu
698 962 831 1023 audueiu
852 963 1073 1039 consueretur!
1100 963 1239 1022 Persture
1259 963 1386 1023 militurn
1393 1010 1400 1040 ,

234 1067 254 1119 5
273 1077 421 1135 suepresu
440 1058 544 1119 studia
560 1060 689 1138 populi,·
714 1059 840 1137 denique
861 1060 941 1120 nibil
955 1061 1086 1121 atrocius
1100 1068 1287 1138 euenturum,
1310 1080 1403 1138 quuru

274 1156 310 1215 iu
332 1156 412 1233 quod
432 1164 534 1235 sponte
553 1165 656 1217 ruuut.
679 1157 874 1218 Morienduot
893 1158 990 1234 uictis,
1012 1158 1202 1218 moriendum
1220 1158 1347 1218 deditis:
1368 1157 1402 1217 id

274 1254 373 1314 solum
392 1253 517 1333 referre,
539 1255 730 1316 uoouuruuui
751 1256 895 1333 spiritura
910 1275 967 1334 per
988 1254 1155 1316 ludibrium
1168 1264 1195 1315 et
1209 1256 1403 1316 contumeliae

277 1351 440 1429 effundunt
460 1371 503 1411 uu
519 1372 576 1430 per
596 1352 746 1413 uirtutem.

319 1449 441 1510 Surdae
452 1450 504 1526 ,ad
521 1449 617 1511 fortia
632 1449 766 1511 consilia
781 1451 913 1512 Vitellio
928 1470 1029 1512 aures.
1054 1450 1258 1512 Obruebatur
1272 1452 1401 1511 animus
1416 1450 1454 1514 67

218 1554 256 1609 10
275 1547 483 1608 miseratione
513 1567 670 1627 curaque,
703 1568 743 1609 ne
775 1549 994 1627 pertinacibus
1026 1549 1124 1609 armis
1158 1549 1265 1609 minus
1296 1549 1402 1628 placa-

276 1645 377 1707 bilem
408 1646 563 1707 victorem
596 1646 790 1725 relinqueret
817 1648 946 1724 coniugi
973 1666 1010 1707 ae
1037 1647 1154 1708 liberis.
1188 1648 1266 1708 Erat
1294 1647 1343 1707 illi
1371 1651 1403 1707 et

275 1744 362 1804 fessa
389 1749 493 1805 aetate
521 1764 652 1822 parens,
682 1764 764 1824 quae
789 1750 899 1806 tamen
920 1745 1033 1824 paucis
1055 1749 1129 1805 ante
1151 1744 1265 1806 diebus
1287 1764 1403 1824 oppor-

275 1848 359 1902 tuna
383 1848 486 1902 morte
507 1842 670 1903 excidium
693 1843 808 1903 domus
830 1844 1013 1922 praevenit,
1043 1843 1127 1903 nihil
1149 1844 1334 1922 principatu
1356 1843 1402 1904 fili

276 1938 432 1999 adsecuta
459 1939 522 1999 nisi
549 1938 676 2000 luctum
701 1945 733 2001 et
754 1940 873 2001 bonam
896 1940 1027 2001 famam.
1057 1941 1216 2011 Quintum
1239 1941 1402 2001 decimum

219 2044 255 2096 15
275 2036 434 2097 kalendas
458 2037 626 2098 Ianuarias
648 2038 761 2098 audita
781 2037 959 2099 defectione
981 2038 1115 2115 legionis
1138 2039 1401 2118 cohortiumque,

198 2152 204 2159 ·
276 2154 362 2213 quae
382 2153 416 2195 se
434 2135 573 2196 Narniae
588 2134 794 2211 dediderant,
816 2136 908 2214 pullo
924 2136 1045 2198 amictu
1062 2136 1186 2197 Palatio
1202 2136 1401 2214 degreditur,

277 2236 403 2293 maesta
433 2232 553 2292 circum
582 2232 721 2310 familia;
754 2233 915 2294 ferebatur
943 2234 1093 2294 lecticula
1121 2234 1277 2313 parvulus
1299 2234 1402 2312 filius,

277 2330 370 2390 velut
409 2330 444 2389 in
484 2330 652 2392 funebrem
693 2351 857 2411 pompam.
901 2332 1002 2393 Voces
1039 2332 1153 2411 populi
1193 2332 1332 2393 blandae
1371 2338 1402 2393 et

276 2428 542 2506 intempestivae,
573 2429 667 2490 miles
700 2430 818 2490 minaei
849 2430 986 2490 silentio,
1019 2431 1084 2490 Nec
1115 2430 1288 2509 quisquam
1323 2429 1402 2490 adeo
1417 2437 1455 2498 68

218 2530 258 2585 20
277 2544 386 2586 rerum
417 2525 635 2587 humanarum
665 2526 840 2604 inmemor,
874 2546 971 2606 quem
1003 2547 1068 2588 non
1102 2533 1319 2588 commoveret
1346 2526 1403 2587 illa

278 2622 389 2701 facieS,
418 2624 602 2685 Romanum
630 2624 810 2703 principem
838 2630 871 2686 et
898 2626 1020 2702 generis
1048 2625 1185 2685 humani
1207 2626 1305 2704 paulo
1329 2631 1403 2685 ante

278 2711 451 2790 dominum
472 2722 583 2783 relicta
603 2722 751 2783 fortunae
766 2742 842 2783 suae
858 2722 932 2783 sede
947 2743 1003 2801 per
1017 2723 1194 2801 populum,
1217 2742 1274 2801 per
1288 2723 1401 2783 urbem

279 2820 366 2880 exire
387 2818 427 2879 de
447 2819 592 2898 imperio.
614 2820 705 2886 Nihil
725 2820 790 2881 tale
806 2820 970 2898 viderant,
994 2821 1077 2881 nihil
1092 2820 1269 2881 audierant.
1292 2841 1403 2900 repen-

278 2918 349 2978 tina
376 2917 425 2978 vis
453 2916 642 2979 dictatorem
671 2918 840 2978 Caesarem
871 2924 1088 2997 oppresserat,
1117 2919 1261 2980 occultae
1284 2920 1404 2980 Gaium

221 3020 258 3075 25
279 3014 431 3092 insidiae,
459 3034 525 3075 nox
552 3021 584 3076 et
612 3016 760 3093 ignotum
787 3035 841 3076 rus
864 3016 974 3093 fugam
995 3016 1131 3077 Neronis
1153 3017 1387 3079 absconderant
1394 3038 1401 3095 3

280 3113 354 3174 Piso
383 3118 415 3173 et
443 3112 548 3173 Galba
576 3118 745 3193 tamquam
773 3114 807 3174 in
836 3114 903 3174 acie
930 3113 1079 3174 cecidere.
1109 3114 1150 3173 In
1174 3133 1232 3175 sua
1254 3116 1403 3175 contione

280 3210 447 3288 Vitellius,
474 3212 559 3272 inter
579 3230 654 3272 suos
675 3211 812 3287 milites,
834 3212 1115 3290 prospectantibus
1137 3213 1235 3273 etiam
1256 3212 1402 3290 leminis,

318 3573 340 3623 1.
369 3572 459 3623 altiore
476 3578 519 3641 sps
541 3573 572 3623 F.
602 3603 634 3610 -
653 3572 678 3622 ⁶2.
708 3580 736 3622 ut
755 3590 795 3623 res
814 3574 844 3623 F.
876 3603 907 3610 -
928 3575 952 3625 3.
980 3573 1084 3638 degeret
1103 3574 1133 3623 F.
1159 3602 1188 3609 —
1208 3573 1232 3622 4.
1254 3572 1362 3623 audacia
1381 3573 1403 3623 F

279 3661 414 3712 andaciam
428 3662 514 3729 uulgo.
535 3691 568 3699 -
588 3662 612 3714 b'.
633 3670 710 3712 ruant
729 3663 820 3712 Fruat
830 3662 911 3728 Nipp.
933 3693 965 3700 -
976 3662 1000 3715 9.
1021 3679 1094 3712 aures
1105 3662 1235 3712 obrueban
1250 3660 1252 3730 l
1265 3670 1308 3711 tur·
1318 3663 1348 3712 F.
1371 3692 1402 3698 -

280 3753 322 3803 ll.
336 3750 423 3817 clugis
441 3751 472 3801 F.
492 3781 525 3788 -
546 3751 587 3801 1‘2.
606 3751 672 3802 fessa
691 3759 775 3802 aetate
794 3768 888 3817 parens
907 3754 935 3817 cs.
961 3751 1034 3818 Verp.
1054 3752 1120 3801 Aere.
1136 3752 1172 3801 ΙΙ.
1187 3750 1245 3803 106.
1266 3781 1299 3788 -
1321 3751 1400 3818 [ante]

276 3840 337 3891 Jolr.
367 3839 483 3890 Mueller.
518 3869 551 3877 -
585 3840 624 3892 13.
657 3840 712 3889 fitia
741 3841 771 3891 F.
808 3870 841 3877 -
874 3843 914 3893 15.
950 3841 1004 3892 XV
1033 3840 1059 3889 kl
1091 3839 1139 3889 Iair
1169 3841 1198 3890 F.
1229 3870 1261 3877 —
1291 3839 1403 3905 legiones

276 3925 507 4000 cohortiulqueq3
527 3929 549 3978 F
569 3958 602 3965 —
624 3929 664 3979 17.
689 3927 818 3996 lamialF
839 3929 908 3995 (post
927 3930 970 3979 loc
988 3929 1138 3979 uoeabulnm
1157 3929 1266 3995 spatium
1285 3936 1404 3995 qetottuor

275 4020 329 4079 fere
358 4017 495 4067 litterarum
522 4035 645 4081 uacuum,
673 4018 764 4068 deiude
791 4018 905 4083 seqnitur
929 4036 995 4068 uoreo
1018 4035 1094 4067 uersu
1119 4017 1195 4068 misso
1219 4035 1265 4084 per·
1290 4019 1404 4084 neglecta

277 4108 309 4173 es.
338 4106 372 4157 ud
401 4104 496 4159 14128
523 4113 545 4157 et
576 4107 652 4158 lenc]
681 4137 713 4143 —
743 4106 818 4157 simul
846 4106 977 4156 ferebatur
998 4124 1045 4171 pro
1070 4106 1162 4156 codicis
1188 4107 1289 4156 lectione
1316 4124 1359 4157 seu
1385 4106 1402 4156 f.
1501 4118 1502 4121 ’

278 4196 379 4245 Puteol.
