3409 4909
303 468 329 517 p.
349 448 396 501 Ch.
417 449 461 515 70)
637 465 865 509 nrsroaraauu
886 448 943 509 IV.
966 448 1093 509 65-68.
1369 447 1426 509 199

304 638 371 695 tem
403 638 435 694 et
465 633 558 694 nobis
589 633 697 694 fidam.
737 635 803 695 Nec
834 632 976 713 Sequani
1007 634 1223 697 detrectavere
1254 640 1425 696 certamen.

304 731 449 792 Fortuna
469 730 657 791 melioribus
672 730 792 791 adfuit:
814 731 880 791 fusi
894 731 1061 809 Lingones,
1084 732 1223 793 Sabinus
1237 731 1426 793 festinatum

304 834 424 889 temere
444 827 604 907 proelium
625 829 695 908 pari
716 828 890 890 formidine
908 829 1062 906 deseruit;
1083 834 1185 909 utque
1199 829 1319 890 famam
1335 830 1427 891 exitii

305 927 357 987 sui
388 926 519 1003 faceret,
558 926 687 1002 villam,
725 927 759 987 in
790 945 890 1006 quam
922 926 1119 1005 perfugerat,
1158 927 1328 1005 cremavit,
1360 927 1426 988 illio

269 1034 286 1087 5
306 1023 490 1086 voluntaria
511 1028 615 1085 morte
636 1024 782 1085 interisse
803 1023 953 1084 creditus,
981 1012 1044 1084 Sed
1065 1023 1183 1104 quibus
1205 1024 1328 1085 artibus
1349 1024 1426 1086 late·

305 1121 435 1200 brisque
449 1121 549 1182 vitam
565 1141 622 1200 per
635 1141 754 1184 novem
769 1141 848 1183 mox
863 1140 965 1183 annos
981 1121 1176 1199 traduxerit,
1195 1122 1294 1181 simul
1309 1123 1426 1184 amico·

305 1238 379 1279 rum
400 1219 469 1280 eius
491 1219 707 1280 constantiam
721 1224 754 1280 et
767 1219 892 1297 insigne
907 1219 1098 1299 Epponinae
1113 1220 1223 1281 uxoris
1239 1220 1426 1299 exemplum

305 1335 364 1377 suo
385 1316 455 1378 loco
477 1315 658 1377 reddemus.
680 1316 903 1396 Sequanorum
925 1336 1077 1397 prospera
1098 1318 1165 1378 acie
1186 1317 1265 1378 belli
1285 1318 1425 1397 impetus

306 1414 410 1474 stetit:
438 1414 622 1493 resipiscere
643 1415 803 1493 paulatim
825 1416 972 1477 civitates
993 1415 1106 1495 fasque
1127 1420 1159 1477 et
1180 1415 1308 1476 foedera
1329 1415 1426 1494 respi-

252 1522 390 1589 locere,
418 1511 618 1591 principibus
640 1512 764 1589 Remis,
793 1513 850 1592 qui
872 1532 928 1592 per
950 1512 1072 1575 Gallias
1092 1513 1237 1590 edixere,
1261 1518 1300 1574 ut
1319 1513 1426 1573 missis

305 1607 418 1686 legatis
440 1609 480 1681 ,in
508 1628 679 1671 commune
707 1610 942 1687 consultarent,
971 1609 1102 1672 libertas
1128 1630 1170 1671 an
1190 1630 1257 1690 pax
1277 1610 1425 1690 placeret.

345 1707 390 1768 At
411 1706 531 1768 Romae
553 1712 677 1768 cuncta·
690 1708 724 1767 in
745 1707 886 1769 deterius
907 1707 1019 1769 audita
1041 1708 1231 1769 Mucianum
1250 1709 1425 1786 angebant,
1441 1709 1462 1770 b

305 1823 347 1865 ne
374 1823 575 1884 quamquam
602 1805 718 1882 egregii
743 1804 840 1866 duces
862 1806 942 1883 (iam
964 1806 1051 1867 enim
1073 1806 1206 1867 Gallum
1228 1806 1374 1867 Annium
1395 1811 1427 1867 et

306 1902 459 1963 Petilium
487 1902 643 1963 Cerialem
672 1902 845 1981 delegerat)
875 1922 1038 1964 summam
1066 1904 1143 1965 belli
1171 1923 1287 1983 parum
1312 1903 1427 1966 tolera-

251 2009 287 2062 15
306 2004 392 2061 rent:
421 2019 480 2061 nec
500 2000 713 2079 relinquenda
733 2000 809 2061 urbs
831 2001 900 2062 sine
921 2007 1057 2078 rectore;
1084 2007 1115 2063 et
1136 2001 1315 2063 Domitiani
1336 2001 1426 2063 indo-

305 2098 405 2159 mitae
432 2097 583 2159 libidines
610 2098 823 2176 timebantur,
853 2099 1026 2178 suspectis,
1056 2099 1105 2159 uti
1129 2099 1289 2176 diximus,
1318 2098 1426 2159 Primo

306 2195 449 2256 Antonio
472 2196 621 2275 Varoque
642 2197 744 2257 Arrio.
774 2197 880 2257 Varus
901 2197 1113 2276 praetorianis
1134 2197 1337 2276 praepositus
1359 2196 1427 2257 vim

305 2297 403 2372 atque
426 2311 517 2353 arma
537 2292 708 2354 retinebat:
737 2312 813 2353 eum
834 2294 1007 2355 Mucianus
1028 2294 1159 2373 pulsum
1181 2294 1268 2371 loco,
1296 2313 1336 2354 ne
1358 2294 1427 2354 sine

305 2390 425 2451 solacio
453 2395 573 2475 ageret,
602 2410 749 2452 annonae
771 2391 925 2470 praefecit
931 2412 939 2468 ;
969 2397 1070 2471 utque
1091 2392 1258 2453 Domiteni
1279 2392 1427 2452 animum

250 2498 288 2552 20
307 2488 392 2548 Varo
414 2487 504 2548 haud
518 2487 661 2549 alienum
676 2488 846 2567 deleniret,
869 2490 1060 2551 Arrecinum
1076 2490 1291 2566 Clementem,
1314 2489 1427 2550 domui

309 2584 498 2664 Vespasiani
524 2605 581 2665 per
608 2586 810 2647 adfinitatem
838 2588 995 2648 innexum
1025 2592 1057 2649 et
1077 2588 1296 2664 gratissimum
1318 2587 1428 2648 Domi·

305 2682 412 2761 tiano,
441 2684 652 2762 praetorianis
679 2685 882 2764 praeposuit,
911 2690 1035 2764 patrem
1061 2685 1130 2745 eius
1151 2684 1211 2745 sub
1233 2684 1270 2745 G.
1293 2684 1427 2745 Caesare

306 2779 427 2857 egregie
454 2779 602 2841 functum
631 2799 669 2841 ea
696 2800 773 2841 cura
800 2781 969 2859 dictitans,
1001 2781 1124 2842 laetum
1152 2775 1312 2842 militibus
1340 2781 1427 2842 idem

306 2896 442 2955 nomen,
483 2882 581 2957 atque
617 2879 741 2957 ipsum,
784 2899 985 2959 quamquam
1023 2880 1176 2941 senatorii
1213 2879 1350 2957 ordiniS,
1386 2878 1427 2939 ad

250 2986 287 3040 25
306 2981 444 3055 utraque
471 2976 583 3036 munia
611 2976 764 3037 sufficere.
793 2976 1020 3038 Adsumuntur
1041 2996 1058 3038 e
1079 2977 1209 3038 civitate
1230 2976 1427 3037 clarissimus

306 3072 443 3152 quisque
464 3078 496 3134 et
517 3072 573 3133 alii
587 3092 643 3152 per
658 3073 870 3135 ambitionem
879 3094 886 3150 ;
909 3073 1008 3135 simul
1023 3074 1228 3135 Domitianus
1243 3073 1427 3135 Mucianus-

306 3190 370 3250 que
398 3171 660 3248 accingebantur,
690 3170 811 3250 dispari
838 3164 963 3249 animo,
991 3172 1046 3232 ille
1068 3191 1124 3251 spe
1145 3191 1182 3233 ac
1203 3172 1336 3234 iuventa
1356 3191 1427 3251 pro-

306 3287 418 3347 perus,
457 3268 510 3329 hic
541 3288 647 3329 moras
679 3274 825 3346 nectens,
865 3270 937 3349 quis
968 3270 1158 3347 flagrantem
1189 3270 1354 3347 retineret,
1386 3288 1427 3330 ne

305 3366 424 3428 ferocia
452 3366 566 3427 aetatis
594 3371 627 3428 et
652 3366 760 3445 pravis
781 3366 1018 3445 inpulsoribus,
1047 3369 1074 3428 si
1095 3368 1272 3428 exercitum
1293 3368 1427 3429 invasis-

251 3474 287 3530 30
306 3467 370 3540 set,
385 3463 457 3542 paci
472 3462 621 3543 belloque
635 3463 720 3524 male
734 3464 924 3525 consuleret.
946 3465 1100 3542 Legiones
1116 3465 1260 3526 victrices
1275 3466 1426 3543 septima,

306 3560 495 3637 undecima,
521 3564 652 3638 octava,
682 3560 932 3621 Vitellianarum
960 3561 1252 3639 unaetvicensima,
1279 3581 1426 3623 erecens

341 3800 366 3851 4.
386 3801 448 3852 uilla
466 3802 496 3852 F.
517 3831 550 3840 —
571 3803 612 3854 13.
632 3819 665 3853 ne
680 3818 829 3868 quanquam
846 3832 878 3840 -
895 3803 1035 3854 tolerarent
1051 3801 1159 3854 Marcia·
1175 3812 1311 3869 nequaque
1322 3803 1427 3855 -tole-

305 3906 364 3941 rare
382 3891 413 3941 F.
433 3920 466 3928 —
487 3891 528 3942 17.
548 3907 640 3942 uarrus
658 3892 688 3942 F.
709 3921 742 3928 —
764 3891 866 3957 pposito
877 3891 907 3942 F.
929 3892 1014 3943 -25,
1034 3891 1373 3960 111111111119111.)
1393 3922 1426 3931 -

304 3978 453 4030 clarissimis
470 3979 501 4030 F.
527 4009 561 4016 -
580 3978 623 4032 26.
648 3978 772 4030 abitiones
790 3980 812 4030 F
831 3981 855 4044 (s
874 3979 956 4030 deleta
974 3979 1028 4045 eat).
1049 4009 1082 4018 —
1102 3979 1144 4034 30.
1165 3981 1274 4046 septima
1292 3980 1427 4031 undecima

304 4075 397 4118 octaua
421 4068 510 4134 compsi
534 4068 595 4119 uim.
622 4068 666 4120 XJ
687 4067 732 4135 uir]
755 4066 1427 4135 1111111111111111111111111111ἮΙΟΙ1(11-

305 4155 395 4222 diana)
413 4164 504 4208 octaua
523 4155 659 4207 undecima
676 4156 757 4223 Nipp.
777 4166 850 4209 sexta
870 4157 1005 4208 undecima
1022 4164 1114 4207 octaua
1132 4156 1223 4207 Rider.
