3409 4909
264 466 296 570 lp.
316 502 366 552 Ch.
388 501 433 567 69)
623 494 850 558 nrsron'rxnun
872 497 898 557 Ι.
921 497 1049 556 62-65.
1358 494 1396 555 35

272 706 336 766 que
367 686 432 745 alia
453 686 658 764 placamenta
678 684 805 744 hostilis
827 684 893 745 irae
913 704 980 744 non
1002 684 1135 762 quidem
1155 683 1190 742 in
1211 682 1313 759 bello,
1342 682 1398 742 sed

272 804 332 865 pro
354 803 435 863 paee
455 783 680 844 tendebantur.
703 783 863 844 Nuntium
887 782 926 843 de
948 782 1044 844 caede
1067 783 1188 844 Galbae
1210 788 1242 843 et
1262 782 1399 861 imperio
1413 780 1453 839 64

274 882 416 944 Othonis
444 882 564 943 Fabius
591 881 713 942 Valens
740 881 776 941 in
804 881 935 942 civitate
963 881 1143 942 Leucorum
1172 880 1304 958 accepit.
1334 880 1399 940 Nec

272 980 422 1041 militum
444 980 573 1039 animus
594 979 798 1057 ingaudium
814 986 871 1041 aut
886 979 1058 1041 formidine
1073 985 1254 1058 permotus:
1276 977 1399 1039 bellum

239 1096 254 1146 5
273 1077 439 1139 volvebat.
469 1077 571 1137 Gallis
598 1078 762 1139 cunctatio
783 1082 937 1157 exempta
944 1098 952 1154 3
982 1078 1101 1138 etenim
1123 1078 1157 1137 in
1179 1076 1342 1137 Othonem
1364 1094 1400 1135 ac

274 1174 450 1235 Vitellium
472 1174 584 1235 odium
605 1195 679 1254 par,
706 1195 747 1235 ex
771 1175 900 1236 Vitellio
922 1180 954 1236 et
974 1181 1089 1236 metus.
1112 1175 1266 1236 Proxima
1287 1175 1400 1250 Lingo-

274 1292 359 1333 num
388 1272 502 1333 eivitas
531 1278 613 1349 erat,
642 1273 708 1333 fida
735 1273 892 1353 partibus.
919 1274 1062 1351 Benigne
1090 1274 1217 1352 excepti
1243 1271 1401 1333 modestia

274 1376 449 1431 certavere.
459 1370 534 1448 ,Sed
556 1370 662 1432 brevis
680 1370 802 1433 laetitia
817 1371 880 1433 fuit
895 1372 1078 1433 cohortium
1093 1371 1298 1450 intemperie,
1321 1388 1402 1448 quas

275 1487 295 1528 a
316 1467 445 1545 legione
466 1474 582 1547 quarta
603 1469 744 1546 decima,
773 1476 810 1532 ut
831 1491 930 1549 supra
950 1457 1219 1545 memoravimus,
1245 1468 1403 1546 digressas

232 1583 258 1636 (ο
277 1566 436 1626 exercitui
467 1584 526 1627 suo
549 1567 679 1638 [Fabius
711 1567 830 1628 Valens
862 1568 1064 1630 adiunxerat.
1104 1569 1212 1645 Iurgia
1242 1568 1403 1646 primum,

276 1682 359 1723 mox
390 1664 462 1723 rixa
491 1665 576 1726 inter
603 1666 743 1728 Batavos
770 1670 803 1727 et
830 1667 1034 1745 legionarios,
1067 1667 1146 1727 dum
1174 1667 1225 1726 his
1254 1671 1311 1726 aut
1338 1664 1405 1723 illis

277 1760 391 1822 studia
412 1762 555 1822 militum
576 1762 805 1841 adgregantur,
827 1785 927 1843 prope
949 1766 983 1825 in
1004 1766 1164 1844 proelium
1186 1782 1347 1840 exarsere,
1369 1761 1405 1821 ni

279 1857 404 1920 Valens
422 1860 701 1922 animadversione
715 1881 894 1940 paucorum
909 1863 1026 1924 oblitos
1041 1864 1107 1923 iarn
1122 1863 1262 1923 Batavos
1276 1859 1405 1939 imperii

279 1954 515 2017 admonuisset.
543 1958 676 2019 Frustra
697 1959 852 2021 adversus
875 1961 1004 2022 Aeduos
1026 1954 1180 2041 quaesita¹
1193 1959 1270 2020 belli
1292 1978 1405 2020 causa:

232 2070 262 2123 15
279 2054 364 2114 iussi
392 2056 562 2133 pecuniam
592 2062 690 2135 atque
712 2077 802 2118 arma
823 2058 961 2136 deferre,
990 2060 1145 2137 gratuitos
1167 2060 1299 2137 insuper
1321 2077 1406 2118 eom-

281 2157 411 2213 meatus
448 2154 631 2232 praebuere.
671 2154 766 2225 Quod
804 2156 910 2216 Aedui
947 2156 1136 2233 formidine,
1175 2156 1406 2233 Lugdunenses

281 2250 403 2328 gaudio
431 2250 540 2312 fecere.
569 2252 633 2313 Sed
660 2253 742 2330 legio
770 2254 886 2315 Italica
914 2260 945 2315 et
973 2255 1025 2315 ala
1049 2255 1211 2315 Tauriana
1232 2242 1406 2315 abductae:

282 2348 452 2426 cohortem
479 2348 799 2411 duodeuicensimam
828 2353 994 2430 Lugduni,
1027 2353 1130 2414 solitis
1159 2354 1219 2414 sibi
1248 2351 1407 2427 hibernis,

283 2446 427 2526 relinqui
454 2446 587 2526 placuit.
615 2448 758 2509 Manlius
774 2449 920 2534 Valens,
949 2450 1072 2527 legatus
1101 2451 1233 2512 Italicae
1257 2450 1408 2527 legionis,

232 2553 267 2610 20
284 2563 488 2623 quamquam
509 2545 591 2606 bene
613 2544 653 2606 de
673 2547 821 2626 partibus
842 2550 993 2626 meritus,
1016 2549 1107 2610 nullo
1129 2548 1217 2627 apud
1239 2547 1409 2607 Vitellium

284 2643 408 2703 honore
430 2642 507 2704 fuit:
529 2645 658 2705 seeretis
673 2665 748 2705 eum
766 2646 1046 2709 criminationibus
1061 2647 1275 2708 infamaverat
1290 2645 1408 2705 Fabius

285 2740 437 2817 ignarum
459 2745 504 2818 et,
526 2761 591 2820 quo
611 2742 772 2805 incautior
793 2743 1008 2823 deciperetur,
1030 2746 1140 2824 palam
1161 2744 1340 2805 laudatum.

326 2839 479 2899 Veterem
492 2839 577 2900 inter
591 2840 821 2917 Lugdunenses
837 2842 889 2920 <et
904 2843 1120 2921 Viennenses>
1132 2841 1326 2903 discordiam
1339 2860 1409 2920 pro·
1424 2844 1463 2903 65

287 2938 418 2997 ximum
439 2938 563 2998 bellum
585 2938 781 2999 accenderat.
804 2940 927 3001 Multae
948 2941 982 3000 in
1004 2941 1109 3001 vicem
1124 2939 1246 3017 clades,
1269 2938 1409 3000 crebrius

236 3044 269 3099 25
286 3036 519 3115 infestiusque,
545 3056 645 3115 quam
666 3042 703 3098 ut
723 3043 852 3099 tantum
874 3044 1004 3117 propter
1026 3040 1185 3100 Neronem
1208 3039 1410 3117 Galbamque

287 3139 496 3214 pugnaretur.
526 3136 568 3195 Et
596 3136 700 3196 Galba
727 3137 849 3199 reditus
871 3138 1137 3215 Lugdunensium
1159 3138 1325 3198 occasione
1346 3138 1412 3196 irae

288 3234 324 3293 in
364 3232 480 3293 fiscum
514 3237 668 3310 verterat;
704 3234 829 3295 multus
861 3241 973 3296 contra
1002 3236 1037 3296 in
1068 3236 1267 3296 Viennenses
1299 3235 1410 3294 honor.

289 3330 386 3392 Unde
408 3332 626 3392 aemulatione
647 3337 679 3393 et
698 3332 824 3393 invidia
845 3337 877 3393 et
898 3352 963 3393 uno
982 3353 1076 3392 amne
1092 3332 1237 3393 diseretis
1252 3350 1412 3392 conexum

290 3428 415 3490 odium.
444 3429 547 3507 Igitur
575 3429 806 3507 Lugdunenses
834 3430 1027 3491 extimulare
1053 3430 1195 3507 singulos
1217 3429 1360 3488 militum
1383 3432 1414 3486 et

238 3534 273 3588 30
291 3528 326 3588 in
350 3528 550 3590 eversionem
574 3528 806 3589 Viennensium
828 3528 998 3607 inpellere,
1021 3527 1167 3588 obessam
1190 3528 1230 3587 ab
1251 3526 1315 3585 illis
1331 3524 1414 3585 colo-

293 3626 383 3686 niam
416 3644 526 3700 suam,
559 3626 687 3686 adiutos
719 3627 867 3687 Vindicis
899 3631 1050 3703 conatus,
1083 3619 1279 3702 conscriptas
1311 3642 1414 3701 nuper

328 3852 353 3903 3.
383 3852 535 3902 leuchorum
554 3851 584 3902 F.
616 3880 646 3889 -
667 3852 692 3902 4.
721 3851 858 3901 formidine
877 3849 919 3901 F2.
951 3881 979 3887 -
1003 3851 1026 3901 5.
1056 3850 1091 3917 et]
1110 3849 1204 3899 etenim
1224 3847 1304 3913 Nipp.
1333 3876 1363 3883 -
1390 3845 1414 3896 a.

292 3941 476 4007 quattuordeci
489 3941 520 3992 F.
541 3970 573 3978 -
597 3942 637 3991 11.
657 3941 691 3991 ls.
712 3941 799 3991 -13.
819 3940 1042 3991 animadversione
1052 3937 1094 3988 Fl.
1115 3939 1201 3988 -15,
1221 3937 1331 3986 deferret
1343 3936 1370 3984 F.
1383 3963 1415 3971 —-

296 4034 335 4084 17.
361 4031 498 4081 Tauriana
521 4032 551 4097 cs.
577 4030 639 4083 33.8
657 4032 760 4081 taurina
779 4032 801 4081 F
819 4032 847 4080 1η
866 4049 915 4080 rur.
937 4059 969 4066 —
992 4029 1032 4081 18.
1058 4026 1309 4078 duodevicensimam
1328 4024 1417 4089 scripsi

294 4122 394 4175 XVlll
414 4122 444 4173 F.
466 4150 499 4158 -
519 4122 621 4171 tertiam
640 4120 766 4171 decimam
785 4120 866 4187 Nipp.
886 4138 941 4170 curn
959 4119 1105 4169 Mommsen.
1129 4148 1161 4153 -
1175 4116 1217 4166 22.
1237 4116 1343 4180 ignarus
1352 4114 1380 4180 p
1395 4130 1415 4162 c.

294 4230 338 4263 rus
356 4213 386 4262 in
404 4229 464 4262 rum
482 4212 555 4277 corr.)
574 4210 607 4261 F.
627 4240 659 4247 —
680 4209 722 4262 23.
744 4209 787 4278 <ot
807 4206 987 4278 Viennenses>
1007 4207 1135 4273 suppleuit
1158 4204 1232 4256 Orcll.

1279 4291 1309 4343 3ss
