3409 4909
359 488 416 549 108
783 507 923 550 coruum
945 507 1056 550 racrrr
1328 494 1364 557 (a.
1384 510 1410 543 u.
1429 491 1480 546 822

357 674 542 752 videbatur,
571 695 672 753 eoque
699 677 827 753 gravior
853 677 1013 738 militibus
1039 683 1122 754 erat,
1151 678 1266 756 culpae
1288 678 1340 738 vel
1361 678 1481 755 gloriae

322 772 470 833 4socius.
503 773 656 833 Proxima
686 773 825 834 Cornelii
858 774 954 834 Fusci
985 775 1201 853 procuratoris
1229 774 1423 836 auctoritas:
1455 775 1481 835 is

357 890 485 950 quoque
515 871 725 933 inclementer
752 872 786 932 in
816 872 986 933 Vitellium
1015 872 1126 933 invehi
1156 873 1270 933 solitus
1299 872 1383 933 nihil
1411 873 1480 952 spei

356 968 418 1029 sibi
439 970 523 1030 iuter
543 970 677 1030 adversa
697 970 879 1047 reliquerat.
909 970 1065 1049 Tampius
1087 970 1280 1048 FlavianuS,
1302 974 1423 1030 natura
1444 990 1480 1032 ac

356 1072 484 1127 senecta
505 1067 723 1145 cunctantior,
745 1068 944 1147 suspiciones
956 1068 1101 1128 militum
1115 1067 1286 1146 inritabat,
1309 1072 1480 1147 tamquam
1496 1077 1510 1131 5

357 1164 533 1225 adfinitatis
555 1184 629 1225 cum
651 1165 783 1225 Vitellio
801 1166 1017 1243 meminisset,
1039 1165 1192 1243 idemque
1206 1165 1295 1244 quod
1310 1170 1480 1244 coeptante

356 1262 519 1339 legionum
547 1268 639 1324 motu
666 1262 821 1342 profugus
850 1263 925 1324 dein
947 1268 1061 1343 sponte
1082 1268 1296 1340 remeaverat,
1325 1262 1479 1343 perfidiae

356 1358 464 1420 locum
493 1360 656 1439 quaesisse
684 1360 882 1422 credebatur.
911 1362 995 1421 Nam
1024 1361 1219 1422 Flavianum
1248 1361 1370 1423 omissa
1399 1362 1479 1422 Pan-

356 1458 453 1518 nonia
491 1458 670 1536 ingressum
709 1458 840 1519 Italiam
874 1463 906 1519 et
937 1459 1117 1519 discrimini
1147 1462 1338 1538 exemptum
1371 1478 1478 1520 rerum

356 1575 513 1615 novarum
542 1556 661 1635 cupido
686 1556 782 1633 legati
804 1575 924 1616 nornen
945 1576 1106 1617 resumere
1127 1562 1159 1618 et
1179 1557 1306 1618 misceri
1329 1556 1478 1618 civilibus
1495 1564 1522 1619 10

356 1653 454 1713 armis
482 1653 672 1732 impulerat,
701 1653 858 1714 suadente
879 1653 1028 1714 Cornelio
1050 1655 1170 1731 Fusco,
1198 1674 1264 1716 non
1286 1654 1365 1732 quia
1385 1654 1478 1715 iudu-

356 1750 434 1810 stria
462 1749 611 1811 Flaviani
639 1750 765 1828 egebat,
794 1751 850 1812 sed
879 1756 916 1812 ut
944 1752 1111 1813 consulare
1131 1771 1249 1813 nomen
1271 1751 1478 1829 surgentibus

356 1866 431 1907 cum
453 1847 596 1908 maxime
617 1848 763 1926 partibus
784 1849 921 1909 honesta
942 1850 1047 1928 specie
1068 1849 1340 1928 praetenderetur.

298 1956 340 2018 ’5
396 1945 545 2006 Ceterum
575 1950 612 2006 ut
638 1946 915 2007 transmitterem
937 1947 1067 2008 Italiam
1089 1947 1211 2026 inpune
1233 1952 1265 2007 et
1285 1947 1362 2008 usui
1383 1947 1477 2024 foret,

356 2042 513 2122 scriptum
535 2043 663 2122 Aponio
684 2043 874 2121 Saturnine,
897 2063 971 2105 cum
994 2045 1136 2106 exercitu
1158 2045 1299 2106 Moesico
1317 2045 1476 2106 celeraret.
1494 2055 1521 2109 15

356 2140 402 2200 Ac
423 2159 464 2200 ne
485 2140 623 2201 inermes
644 2142 828 2221 provinciae
850 2141 994 2203 barbaris
1015 2142 1204 2204 nationibus
1222 2149 1477 2222 exponerentur,

355 2237 516 2315 principes
531 2238 751 2299 Sarmatarum
766 2240 937 2318 lazugum,
956 2259 1054 2319 penes
1070 2260 1150 2319 quos
1165 2240 1306 2302 civitatis
1321 2241 1476 2318 regimen,

355 2334 389 2393 in
410 2335 639 2396 commilitium
657 2336 786 2397 adsciti:
808 2336 937 2416 plebem
952 2357 1082 2416 quoque
1097 2343 1128 2398 et
1144 2338 1210 2399 vim
1226 2338 1392 2417 equiturn,
1415 2358 1477 2418 qua

355 2432 424 2493 sola
451 2433 576 2510 valent,
606 2433 783 2495 offerebant
791 2454 798 2511 ;
827 2435 998 2495 remissum
1027 2434 1061 2496 id
1083 2455 1219 2514 munus,
1249 2455 1288 2497 ne
1309 2436 1395 2497 inter
1417 2436 1477 2497 dis·

355 2530 480 2591 cordias
508 2537 641 2593 externa
668 2532 860 2593 molirentur
888 2538 945 2593 aut
973 2534 1093 2594 maiore
1121 2554 1162 2594 ex
1182 2532 1309 2595 diverso
1331 2533 1476 2595 mercede
1492 2543 1522 2598 20

355 2627 405 2687 ius
426 2628 539 2707 fasque
560 2634 723 2690 exuerent.
746 2629 934 2691 Trabantur
949 2631 983 2690 in
999 2636 1105 2709 partes
1120 2631 1197 2692 Sido
1212 2636 1309 2711 atque
1325 2632 1476 2709 Italicus,

354 2744 441 2802 reges
472 2726 669 2803 Sueborum,
701 2727 774 2806 quis
805 2733 899 2788 vetus
930 2727 1122 2807 obsequium
1151 2747 1225 2805 erga
1253 2728 1418 2790 Romanos
1446 2734 1477 2790 et

354 2842 431 2899 gens
462 2823 536 2885 fidei
567 2826 587 2903 t
617 2825 817 2885 commissior
845 2826 1026 2904 patientior.
1060 2826 1169 2887 Posita
1190 2827 1224 2885 in
1245 2826 1332 2887 latus
1353 2826 1477 2887 auxilia

354 2919 471 2981 infesta
499 2922 627 2999 Raetia,
656 2923 708 2983 cui
733 2923 865 2983 Porcius
887 2922 1086 3001 Septiminus
1108 2929 1295 3002 procurator
1317 2928 1402 3001 erat,
1430 2924 1477 2984 in-

354 3025 522 3097 corruptae
549 3040 622 3098 erga
649 3021 820 3081 Vitellium
848 3020 933 3081 fidei.
966 3021 1069 3098 Igitur
1096 3020 1250 3082 Sextilius
1279 3022 1373 3082 Felix
1402 3041 1476 3083 cum
1492 3031 1523 3088 25

354 3115 406 3175 ala
434 3117 579 3177 Auriana
608 3123 639 3179 et
667 3124 738 3179 octo
765 3118 951 3179 cohortibus
974 3138 1010 3180 ac
1032 3120 1222 3180 Noricorum
1243 3119 1415 3182 iuventute
1436 3120 1477 3181 ad

391 3275 413 3324 1.
442 3273 547 3339 grauior
574 3274 597 3323 F
624 3274 722 3340 gratior
746 3276 800 3326 cdd.
826 3294 891 3342 aeq,
920 3294 1014 3326 comma
1034 3283 1092 3342 post
1116 3284 1171 3327 erat
1195 3276 1260 3327 delet
1277 3275 1368 3327 Halm.
1399 3307 1432 3314 —
1451 3278 1475 3329 5.

353 3362 514 3413 cunctantior
532 3362 615 3413 Halm
633 3363 776 3414 cunctatior
795 3364 817 3414 F
836 3366 865 3427 cs.
887 3364 902 3414 l.
922 3364 975 3415 ΙΙΙ.
995 3363 1030 3417 50
1039 3365 1111 3428 med,
1121 3364 1280 3415 nbiFlcbet
1289 3373 1428 3417 cunctatas.
1443 3395 1476 3402 -

353 3452 376 3502 u
396 3452 454 3518 idq;
474 3452 504 3503 F.
529 3482 557 3489 ›-
577 3454 617 3503 14.
637 3451 1150 3523 transmittere<bellum>Acidulinscll
1163 3453 1199 3504 II.
1213 3454 1254 3505 17.
1274 3455 1362 3507 -15.
1382 3454 1477 3521 aponio

352 3542 419 3591 satiri
448 3541 603 3593 reuirescere
629 3542 652 3592 F
679 3542 770 3593 driade
800 3543 873 3593 addit
902 3541 1001 3595 110.1-
1019 3544 1112 3594 1]1.11
1145 3550 1173 3593 ut
1201 3542 1299 3593 inimici
1326 3550 1385 3610 port
1412 3561 1477 3611 qnae

353 3631 416 3681 redit
443 3631 477 3681 ud
503 3630 598 3683 IOS.l:'r
623 3630 718 3682 ninocir
742 3659 775 3667 —
800 3630 915 3682 exercitii
940 3631 1008 3696 (ua
1034 3631 1079 3694 est)
1105 3630 1215 3682 moesico
1238 3632 1369 3683 celeraret.
1396 3630 1478 3683 Ceteri

351 3719 405 3769 cdd.
417 3720 635 3785 transpositionem
644 3720 784 3770 imitantur:
795 3720 904 3771 restitnit
914 3720 1026 3770 ordinem
1035 3719 1156 3771 Picltcna.
1168 3748 1201 3756 -
1209 3704 1254 3771 ι17.
1265 3719 1391 3786 principis
1400 3721 1430 3771 F.
1442 3751 1476 3758 —

351 3842 475 3908 lazugunr
499 3844 522 3893 F
547 3843 655 3911 (laniges
680 3844 752 3895 habat
777 3847 846 3895 Ann.
875 3843 971 3909 1229).
998 3874 1031 3882 -
1057 3845 1099 3896 21.
1124 3790 1216 3895 tribui
1238 3844 1316 3910 (hm.
1336 3843 1352 3895 2
1372 3846 1430 3911 aar.)
1448 3845 1476 3895 in

351 3939 424 3996 parte
448 3932 479 3982 F.
505 3962 538 3969 -
562 3931 604 3985 23.
629 3933 692 3984 fidei
716 3934 875 3985 commissior
899 3933 1039 3999 patientior
1062 3933 1233 3984 Fcommissi
1251 3932 1370 3984 Muretus
1388 3933 1477 3985 camd

350 4018 412 4070 fidei
436 4038 513 4086 quam
536 4020 664 4072 iussorum
688 4022 809 4088 Sclcffcr,
834 4022 918 4073 Halm
940 4022 1002 4073 fidei
1020 4022 1171 4073 commilitio
1188 4021 1297 4087 Metam
1322 4022 1375 4073 fide
1392 4022 1476 4074 incor-

350 4108 451 4174 ruptior
469 4117 493 4160 ct
512 4110 614 4176 imperii
632 4112 770 4177 patientior
788 4112 833 4163 nel
852 4112 902 4162 tale
921 4112 983 4179 qaid
995 4112 1078 4177 fnisse
1096 4112 1207 4162 uidetur.
1228 4141 1261 4149 —
1280 4111 1365 4177 posita
1380 4111 1477 4163 inlatus

350 4197 447 4248 auxilia
465 4198 488 4249 F
507 4199 626 4264 opposita
643 4200 784 4251 Rhenanus
801 4199 928 4251 Noricum
947 4200 1042 4251 inlatus
1061 4199 1158 4251 auxilio
1177 4199 1258 4267 Nipp.
