3409 4909
339 458 378 519 72
564 467 566 469 ’
763 475 903 518 conunnr
925 475 1036 518 rxcrrr
1307 460 1340 527 (a.
1361 476 1385 509 u.
1406 458 1457 511 822

338 645 577 706 vetustissimus
591 644 811 706 consularium
827 649 859 705 et
872 644 990 705 militia
1005 643 1109 705 clarus
1124 644 1260 721 gloriam
1273 663 1458 723 nomenque

338 742 533 803 Britannicis
570 742 830 821 expeditionibus
862 743 1039 803 meruisset.
1079 743 1146 820 Ego
1177 747 1215 803 ut
1246 743 1458 803 concesserim

338 841 426 919 apud
453 859 573 919 paucos
601 841 699 901 tacito
727 845 803 901 voto
832 840 974 919 quietem
996 860 1054 919 pro
1075 840 1252 917 discordia,
1281 839 1403 900 bonum
1426 845 1458 899 et

337 940 541 1000 innocentem
570 938 749 1017 principem
777 958 835 1017 pro
856 938 1004 1017 pessimis
1025 957 1062 998 ac
1082 938 1341 1014 flagitiosissimis
1363 956 1458 1015 expe-

337 1038 451 1114 titum,
482 1036 528 1097 ita
555 1055 659 1115 neque
687 1021 879 1112 Paulinum,
912 1055 976 1115 qua
1005 1035 1178 1115 prudentia
1205 1035 1283 1111 fuit,
1312 1049 1493 1114 sperasset)

338 1134 579 1214 corruptissimo
607 1134 735 1195 saeculo
755 1139 883 1195 tantam
905 1133 989 1211 volgi
1012 1133 1266 1195 moderationem
1287 1153 1371 1210 reor,
1401 1142 1456 1210 ut,

338 1233 395 1312 qui
421 1250 534 1312 pacem
560 1231 638 1293 belli
665 1251 773 1293 amore
801 1232 1027 1309 turbaverant,
1055 1230 1184 1299 bellum'
1207 1231 1296 1310 pacis
1325 1232 1457 1291 caritate

338 1331 549 1410 deponerent,
571 1350 675 1410 neque
696 1336 753 1392 aut
774 1331 933 1392 exercitus
954 1330 1072 1407 linguis
1088 1330 1295 1409 moribusque
1310 1328 1457 1390 dissonos

337 1430 372 1490 in
392 1430 480 1491 hunc
500 1448 693 1491 consensum
710 1430 854 1508 potuisse
870 1428 1061 1506 coalescere,
1084 1434 1140 1489 aut
1154 1429 1275 1505 legatos
1290 1447 1327 1488 ac
1342 1428 1456 1504 duceS,

337 1548 454 1605 magna
481 1547 522 1589 ex
543 1532 633 1606 parte
652 1528 751 1588 luxus
772 1528 920 1605 egestatis
942 1527 1099 1588 scelerum
1121 1526 1182 1587 sibi
1203 1526 1363 1603 conscios,
1393 1526 1456 1585 nisi
1478 1537 1511 1589 10

337 1625 500 1704 pollutum
538 1625 792 1704 obstrictumque
830 1625 953 1686 meritis
986 1626 1052 1687 suis
1084 1626 1263 1704 principem
1295 1643 1455 1703 passuros.

284 1722 322 1785 38
338 1723 438 1784 Vetus
469 1743 506 1784 ac
536 1724 602 1783 iam
633 1723 758 1802 pridem
789 1723 888 1783 insita
920 1723 1110 1784 mortalibus
1141 1722 1304 1803 potentiae
1337 1721 1456 1800 cupido

337 1840 411 1883 curn
442 1821 570 1900 imperii
602 1821 825 1900 magnitudine
859 1821 1003 1882 adoleuit
1034 1822 1212 1900 erupitque.
1245 1821 1330 1881 Nam
1361 1819 1456 1880 rebus

336 1918 471 1980 modicis
499 1920 676 1998 aequalitas
704 1919 798 1981 facile
826 1919 1014 1980 habebatur.
1044 1918 1106 1980 Sed
1134 1918 1190 1979 ubi
1218 1919 1351 1979 subacto
1380 1916 1456 1977 orbe

336 2022 368 2079 et
395 2016 531 2079 aemulis
558 2017 692 2078 urbibus
720 2017 888 2095 regibusve
915 2018 1029 2078 excisis
1058 2035 1185 2078 securas
1206 2036 1283 2097 opes
1305 2016 1456 2094 concupi·
1477 2028 1508 2078 15

336 2135 421 2177 scere
442 2134 583 2176 vacuum
604 2114 681 2191 fuit,
707 2116 813 2194 prima
833 2116 918 2175 inter
938 2120 1044 2195 patres
1065 2113 1258 2194 plebemque
1279 2113 1456 2174 certamina

336 2232 490 2274 exarsere.
513 2212 610 2274 Modo
632 2212 810 2274 turbulenti
824 2213 963 2291 tribuni,
986 2211 1082 2273 modo
1098 2212 1245 2273 consules
1260 2210 1454 2291 praevalidi,

336 2315 367 2371 et
394 2311 428 2370 in
455 2309 534 2371 urbe
562 2329 599 2371 ac
627 2310 695 2371 foro
716 2314 952 2389 temptamenta
974 2309 1119 2370 civilium
1139 2308 1308 2371 bellorum.
1338 2308 1416 2369 Mox
1439 2327 1456 2368 e

335 2409 429 2488 plebe
465 2409 578 2469 infima
617 2409 653 2470 G.
691 2410 813 2470 Marius
844 2414 875 2471 et
906 2408 1066 2472 nobilium
1098 2410 1304 2470 saevissimus
1336 2409 1455 2469 [tucius

336 2506 426 2567 Sulla
453 2506 573 2567 victam
602 2508 700 2567 armis
727 2506 910 2568 libertatern
938 2507 972 2568 in
1000 2506 1258 2568 dominationem
1280 2511 1454 2567 verterunt.
1473 2512 1509 2566 20

335 2605 412 2665 Post
440 2623 521 2684 quos
551 2602 611 2664 Gn.
640 2604 813 2683 Pompeius
842 2604 997 2676 occultior
1005 2652 1012 2681 ,
1047 2622 1113 2664 non
1141 2604 1254 2665 melior
1262 2624 1269 2681 3
1302 2608 1333 2665 et
1361 2623 1455 2664 num-

336 2722 434 2781 quam
461 2706 574 2781 postea
600 2702 664 2762 nisi
692 2701 731 2762 de
759 2702 945 2781 principatu
967 2702 1159 2781 quaesitum.
1188 2702 1262 2762 Non
1283 2701 1455 2765 discessere

335 2798 376 2860 ab
404 2799 502 2859 armis
522 2798 557 2858 in
578 2798 745 2860 Pharsalia
766 2818 802 2859 ac
824 2798 984 2878 Philippis
1006 2799 1127 2860 civium
1148 2800 1303 2877 legiones,
1333 2799 1454 2860 nedum

336 2896 473 2958 Othonis
501 2916 539 2957 ac
560 2895 684 2962 Vitellii
705 2897 864 2958 exercitus
886 2901 1000 2977 sponte
1021 2898 1158 2977 posituri
1179 2896 1302 2958 bellum
1324 2897 1453 2958 fuerint.

335 2994 459 3055 Eadem
489 2994 562 3055 illos
594 2994 691 3055 deum
722 2995 785 3071 ira,
824 2994 937 3055 eadem
968 2993 1139 3055 hominum
1170 2994 1290 3073 rabies,
1323 2995 1454 3056 eaedem
1472 3002 1505 3056 25

335 3090 491 3152 scelerum
521 3110 636 3152 causae
664 3092 699 3152 in
726 3092 921 3168 discordiam
949 3112 1047 3170 egere.
1079 3092 1174 3163 Quod
1202 3091 1337 3169 singulis
1365 3093 1455 3153 velut

333 3188 452 3250 ictibus
480 3192 642 3251 transacta
668 3195 744 3251 sunt
764 3189 866 3269 bella,
895 3191 1025 3268 ignavia
1045 3191 1230 3270 principum
1251 3190 1375 3251 factum
1396 3196 1453 3252 est.

335 3285 397 3348 Sed
433 3305 486 3347 me
523 3293 671 3349 veterum
710 3308 935 3367 novorumque
974 3308 1101 3349 morum
1133 3289 1294 3368 reputatio
1326 3288 1453 3365 longius

334 3385 427 3447 tulit:
448 3403 535 3445 nunc
556 3384 598 3445 ad
619 3404 726 3446 rerum
747 3385 894 3447 ordinem
916 3386 1019 3447 venio.

282 3494 321 3556 39
375 3481 521 3543 Profecto
542 3481 723 3544 Brixellum
744 3483 873 3545 Othone
893 3483 998 3545 honor
1018 3483 1146 3562 imperii
1167 3502 1265 3562 penes
1286 3484 1453 3544 Titianum
1472 3494 1505 3547 30

334 3582 482 3658 fratrem,
504 3580 553 3641 vis
575 3600 612 3642 ac
633 3585 775 3661 potestas
796 3600 894 3660 penes
916 3581 1090 3642 Proculum
1104 3580 1318 3660 praefectum3
1341 3581 1453 3643 Celsus

372 3891 394 3940 1.
429 3891 601 3942 consularium
632 3891 714 3942 Rhea.
742 3885 916 3941 consiliarium
944 3890 974 3941 F.
1005 3919 1037 3927 -
1067 3890 1102 3957 [et
1129 3890 1222 3941 militia
1248 3890 1342 3958 clarus]
1371 3890 1451 3957 Nipp.

334 3978 441 4030 militiae
464 3996 561 4046 gnarus
584 3980 606 4030 I.
631 3980 734 4030 Miiller.
760 4010 793 4017 -
818 3979 843 4030 2.
869 3979 1020 4030 concesserit
1043 3978 1085 4030 ΡΙ.
1111 4010 1144 4017 -
1173 3980 1213 4032 16.
1239 3986 1325 4045 patres
1350 3979 1376 4030 G
1394 3997 1452 4046 par-

334 4075 372 4118 tes
386 4068 416 4118 F.
437 4098 470 4106 —
488 4069 527 4121 19.
548 4068 581 4119 G.
601 4069 701 4120 Marius
711 4070 741 4120 F.
762 4068 848 4120 -21.
868 4086 920 4134 quo
937 4068 960 4119 F
977 4068 1028 4119 Gn.
1041 4069 1072 4119 F.
1093 4066 1178 4119 -22,
1199 4068 1346 4135 principatu
1355 4068 1397 4119 Fl.
1419 4098 1452 4105 —

333 4156 376 4211 25.
401 4158 492 4211 eodem
511 4159 541 4209 F.
568 4188 601 4195 —
619 4158 703 4209 rabies
721 4157 788 4227 cede.
813 4187 847 4195 —
869 4155 911 4209 29.
938 4158 1016 4209 ueniu
1040 4156 1075 4208 Fl
1093 4158 1170 4208 uenio
1185 4155 1310 4210 F2rede0
1322 4156 1450 4208 Heraeam.
