3409 4909
248 481 273 529 p.
294 463 341 515 Ch.
360 464 405 531 69)
580 481 808 525 Hrsroamnun
829 464 886 524 IV.
909 464 1036 525 29-32.
1309 464 1367 527 175

247 667 339 709 verso
376 649 519 728 pondere
532 709 537 716 ,
552 650 638 710 intra
672 654 776 711 castra
807 650 1065 711 effundebantur.
1106 651 1217 711 Civilis
1249 651 1368 712 omissa

247 747 456 825 expugnandi
477 767 533 827 spe
555 767 665 808 rursus
686 768 743 828 per
764 748 868 810 otium
890 748 1073 826 adsidebat,
1099 750 1222 809 nuntiis
1244 755 1276 811 et
1297 768 1368 829 pro-

247 845 353 904 missis
376 843 473 905 fidem
494 845 658 923 legionum
680 846 873 907 convellens,

287 943 376 1002 Haec
397 942 432 1002 in
454 942 627 1003 Germania
647 948 722 1004 ante
746 943 959 1005 Cremonense
975 944 1134 1023 proelium
1148 950 1252 1022 gesta,
1274 945 1366 1005 errius
1381 946 1417 1006 31

211 1045 400 1105 serentum
431 1038 557 1101 litterae
589 1041 688 1101 Primi
719 1042 855 1102 Antonii
886 1041 1037 1118 docuere,
1070 1042 1181 1103 addito
1212 1043 1368 1104 Caecinae

246 1135 368 1213 edicto;
400 1141 432 1197 et
463 1136 642 1216 praefectus
674 1138 814 1199 cohortis
845 1159 862 1199 e
890 1138 984 1202 victis
1012 1138 1163 1219 Alpinius
1192 1140 1368 1201 Montanus

245 1235 410 1296 fortunam
441 1235 584 1314 partium
615 1255 765 1314 praesens
797 1235 967 1298 fatebatur.
999 1237 1125 1297 Diversi
1156 1237 1231 1297 hinc
1260 1244 1367 1299 motus

246 1334 440 1394 animorum.
469 1332 604 1394 Auxilia
630 1353 648 1394 e
677 1334 799 1411 Gallia,
828 1335 901 1413 quis
928 1355 987 1396 nec
1015 1354 1105 1396 amor
1130 1355 1233 1413 neque
1256 1336 1367 1397 odium

245 1432 281 1491 in
302 1437 425 1510 parteS,
439 1430 565 1517 ¹militia
586 1432 655 1491 sine
677 1432 809 1511 affectu,
838 1433 1044 1494 hortantibus
1066 1432 1234 1512 praefectis
1256 1434 1368 1494 statim

194 1541 228 1595 10
246 1549 266 1589 a
287 1528 419 1589 Vitellio
441 1529 638 1590 desciscunt:
661 1536 753 1591 vetus
775 1530 868 1591 miles
889 1532 1103 1593 cunctabatur
1110 1552 1117 1608 ;
1140 1530 1197 1592 sed
1219 1531 1367 1610 adigente

246 1626 434 1688 Hordeonio
456 1627 586 1703 Flacco,
611 1628 809 1689 instantibus
830 1628 985 1707 tribunis,
1008 1629 1092 1690 dixit
1112 1637 1367 1705 sacramentum,

245 1745 312 1786 non
333 1725 424 1787 voltu
445 1745 549 1805 neque
570 1726 679 1787 animo
700 1727 778 1787 satis
800 1726 991 1806 adfirmem,
1013 1733 1141 1789 etcum
1163 1732 1266 1789 cetera
1284 1727 1367 1787 iuris

245 1823 375 1884 iurandi
410 1824 508 1885 verba
538 1824 758 1903 conciperent,
796 1825 990 1904 Vespasiani
1020 1845 1139 1886 nomen
1171 1824 1368 1886 haesitantes

245 1926 304 1981 aut
340 1920 404 1980 levi
442 1940 607 1982 murmure
645 1927 677 1981 et
714 1921 905 2001 plerumque
937 1923 1065 1983 silentio
1096 1923 1367 1983 transmittebant.

192 2031 226 2083 15
245 2018 361 2078 Lectae
393 2016 508 2078 deinde
538 2037 597 2097 pro
628 2019 777 2079 contione
809 2018 966 2098 epistulae
984 2020 1133 2093 ‚Antonii
1162 2020 1203 2079 ad
1231 2019 1368 2080 Civilem
1383 2022 1421 2082 32

246 2115 445 2195 suspiciones
465 2115 609 2177 militum
630 2116 809 2193 imitavere,
831 2122 1001 2195 tamquam
1023 2117 1064 2177 ad
1085 2118 1210 2178 socium
1225 2118 1368 2196 partium

245 2213 383 2292 scriptae
414 2219 447 2275 et
476 2212 516 2274 de
547 2214 737 2275 Germanico
769 2214 912 2276 exercitu
941 2215 1109 2276 hostiliter.
1142 2216 1221 2275 Mox
1250 2214 1367 2276 adlatis

246 2310 429 2372 Geldubam
450 2312 485 2371 in
506 2317 609 2372 castra
630 2312 753 2373 nuntiis
775 2312 888 2373 eadem
910 2313 996 2374 dicta
1016 2313 1181 2392 factaque,
1204 2319 1235 2374 et
1250 2315 1369 2374 missus

246 2427 322 2471 cum
354 2408 515 2469 mandatis
546 2409 721 2469 Montanus
753 2410 795 2470 ad
826 2410 980 2488 Civilem,
1015 2417 1053 2472 ut
1084 2411 1252 2472 absisteret
1282 2411 1368 2472 bello

190 2518 227 2573 20
245 2526 327 2569 neve
358 2511 490 2567 externa
521 2507 618 2567 armis
649 2506 739 2568 falsis
769 2508 904 2569 velaret:
937 2509 963 2569 si
992 2509 1229 2587 Vespasianum
1256 2510 1368 2569 iuvare

246 2603 415 2682 adgressus
444 2604 541 2683 foret,
572 2604 775 2668 satisfactum
807 2607 938 2685 coeptis.
971 2606 1022 2666 Ad
1055 2626 1092 2666 ea
1123 2607 1234 2667 Civilis
1262 2607 1368 2686 primo

246 2702 378 2765 callide:
400 2710 474 2782 post
494 2704 550 2765 ubi
571 2704 660 2765 videt
681 2705 876 2765 Montanum
897 2704 1112 2783 praeferocem
1133 2705 1262 2782 ingenio
1277 2724 1368 2784 para-

245 2807 382 2881 tumque
402 2802 437 2861 in
458 2821 507 2862 res
528 2821 644 2877 novas,
666 2821 757 2863 orsus
779 2821 797 2862 a
818 2807 936 2880 questu
957 2802 1190 2881 periculisque,
1213 2821 1296 2880 quae
1312 2821 1369 2881 pcr

246 2900 391 2980 quinque
421 2905 454 2961 et
483 2900 597 2977 viginti
628 2919 730 2960 annos
761 2900 795 2960 in
823 2900 936 2961 castris
955 2900 1119 2960 fRomanis
1148 2900 1367 2984 exhausisset,

191 3005 226 3060 25
245 2998 421 3076 Eprepiarn,
452 2998 575 3076 inquit,
602 2998 736 3076 pretinrn
767 2998 901 3058 laborant
931 2998 1040 3076 recepi,
1072 3017 1169 3058 neceni
1197 2998 1311 3075 fratris
1341 3004 1368 3056 et

245 3095 368 3155 uincula
397 3114 464 3155 ntea
494 3104 520 3155 et
550 3095 737 3155 saevissimae
768 3095 859 3155 baius
891 3096 1032 3156 exercitas
1062 3116 1156 3173 voees,
1192 3095 1296 3174 qieibns
1326 3094 1369 3154 ad

245 3193 429 3271 nrpplicinm
444 3193 557 3270 petitia
577 3193 642 3253 iare
662 3193 796 3271 pentiinn
813 3213 926 3271 poenas
940 3213 1062 3271 reposco.
1093 3195 1147 3254 Vos
1161 3203 1273 3270 antern,
1301 3193 1367 3253 Tre-

246 3291 309 3351 eeri
328 3299 492 3369 ceteraeque
511 3291 702 3350 servientium
722 3291 859 3367 anirnae,
882 3291 961 3369 qaod
969 3292 1144 3370 praemiare
1159 3292 1247 3369 effusi
1263 3291 1368 3351 totiena

245 3388 406 3467 sanpainis
426 3388 583 3467 expectatis
603 3388 665 3448 nisi
685 3389 841 3466 inaratarn
858 3390 1020 3465 rnilitiarn,
1042 3390 1222 3449 inmortalia
1237 3389 1366 3465 tributa,

193 3498 228 3551 30
245 3488 347 3565 eirpas
373 3506 483 3547 secares
510 3492 537 3545 et
564 3485 754 3545 dominorum
773 3486 922 3563 inpeniaf
948 3487 998 3546 En
1020 3507 1069 3564 epo
1085 3489 1255 3565 praelectas
1276 3486 1368 3546 anien

247 3585 373 3644 cohortis
402 3592 429 3644 et
460 3582 675 3659 Canninefates
701 3584 886 3661 Bataniqne,
918 3584 1025 3662 caiana
1054 3584 1228 3645 Galliarum
1252 3584 1366 3661 portio,

285 3839 307 3888 1.
335 3837 403 3887 infra
421 3838 451 3887 F.
472 3867 505 3875 -
524 3836 548 3887 2.
568 3837 735 3902 expugnandi
753 3837 833 3903 Nipp.
853 3838 1021 3903 oppugnandi
1041 3839 1069 3889 F.
1091 3867 1123 3875 -
1143 3838 1167 3890 6.
1188 3838 1264 3888 uictis
1285 3839 1366 3890 Rien.

240 3999 330 4049 uictus
348 3999 378 4049 F.
408 4029 441 4036 -
461 4000 484 4049 7.
513 3998 576 4049 moti
594 3997 636 4048 Fl.
667 4027 699 4035 -
719 3999 742 4051 9.
772 3999 862 4075 militie
882 3999 911 4050 F.
941 4029 974 4036 -
996 4000 1036 4050 14.
1065 3946 1255 4050 transmittebdl
1273 4000 1302 4050 F.
1333 4030 1367 4036 -

250 4089 289 4141 15.
318 4088 387 4158 lectt,⁸
411 4088 454 4139 Fl.
483 4117 516 4125 -
543 4087 584 4140 18.
612 4088 739 4153 gelduban
759 4088 789 4137 F.
818 4118 851 4125 —
874 4088 913 4140 19.
943 4086 1091 4157 absilstere
1109 4089 1139 4139 F.
1170 4118 1202 4125 -
1222 4087 1264 4142 20.
1295 4105 1369 4139 arma

247 4176 319 4243 Lips.
340 4207 372 4215 -
391 4176 433 4230 25.
453 4177 533 4243 recipi
552 4178 582 4227 F.
603 4207 635 4214 —
655 4177 697 4228 Ξῖ.
718 4195 764 4227 uos
783 4173 815 4227 aa
835 4185 874 4228 trc
887 4176 890 4247 l
902 4179 957 4230 ucri
976 4178 1005 4227 F.
1026 4207 1058 4214 -
1070 4178 1111 4229 31.
1132 4195 1246 4228 cannene
1261 4178 1366 4228 fatesF.
