3409 4909
309 466 347 524 ‘22
657 514 660 520 .
733 480 874 523 coenam
895 481 1005 523 raorrr
1169 496 1177 509 ·
1227 538 1230 543 -
1276 465 1310 531 (a.
1331 482 1357 516 u.
1378 463 1432 518 822

306 657 375 712 orto
404 651 544 712 difficilis
572 651 705 728 modus3
734 656 765 712 et
792 650 963 712 turbavere
988 649 1159 711 consilium
1182 650 1300 730 trepidi
1321 652 1432 713 nuntii

306 770 342 810 ac
364 749 760 828 proximorumdiffugia,
787 749 1017 827 languentibus
1039 749 1187 810 omnium
1209 749 1342 826 studiis,
1373 750 1431 829 qui

250 847 291 907 40
305 847 410 926 primo
438 848 558 908 alacres
579 847 677 908 fidem
699 853 796 927 atque
817 848 964 908 animum
986 851 1236 908 ostentaverant.
1265 847 1432 924 Agebatur

305 945 369 1005 huc
396 945 474 1006 illuc
496 945 600 1006 (lalba
621 946 711 1006 vario
731 945 845 1006 turbae
867 944 1056 1006 fluctuantis
1080 945 1229 1023 inpulsu,
1258 944 1430 1024 completis

305 1042 450 1122 undique
465 1043 604 1105 basilicis
619 1063 655 1105 ac
670 1043 815 1122 templis,
837 1042 967 1119 lugubri
980 1048 1164 1121 prospectu.
1187 1042 1299 1122 Neque
1314 1042 1430 1121 populi
1448 1056 1464 1106 5

305 1147 362 1202 aut
392 1142 495 1220 plebis
526 1142 594 1202 ulla
624 1160 705 1218 vox,
737 1140 793 1201 sed
825 1141 955 1202 attoniti
988 1139 1097 1202 voltus
1126 1145 1157 1201 et
1185 1158 1358 1201 conversae
1387 1140 1429 1201 ad

305 1241 415 1300 omnia
435 1259 537 1301 aures.
562 1241 633 1301 Non
655 1238 833 1315 tumultus²
856 1258 922 1299 non
944 1239 1050 1317 quies,
1073 1238 1169 1317 quale
1190 1238 1300 1316 magni
1321 1243 1429 1299 metus

305 1343 337 1399 et
363 1357 499 1415 magnae
523 1337 589 1398 irae
609 1337 776 1398 silentium
797 1342 854 1397 est.
884 1336 1006 1397 Othoni
1026 1341 1137 1397 tamen
1159 1337 1278 1396 armari
1298 1336 1429 1415 plebem

305 1436 525 1497 nuntiabatur.
553 1436 604 1496 Ire
628 1435 819 1515 praecipites
840 1439 873 1495 et
894 1452 1050 1512 occupare
1072 1433 1215 1512 pericula
1235 1433 1334 1495 iubet.
1365 1434 1428 1511 Igl-

305 1538 358 1594 tur
386 1534 504 1595 milites
533 1534 686 1611 Romani,
715 1533 807 1612 quasi
837 1531 1053 1609 Vologaesum
1079 1536 1137 1592 aut
1157 1533 1315 1592 Pacorum
1338 1532 1430 1593 avito
1450 1545 1481 1596 10

307 1631 535 1693 Arsacidarum
564 1632 644 1693 solio
672 1631 838 1709 depulsuri
867 1650 904 1691 ac
925 1650 990 1691 non
1011 1631 1239 1709 imperatorem
1261 1649 1358 1690 suum
1381 1630 1429 1689 in-

304 1749 426 1790 ermem
446 1735 478 1790 et
499 1749 607 1790 senem
628 1729 788 1790 trucidare
809 1732 991 1807 pergerent,
1014 1728 1148 1788 disiecta
1165 1727 1274 1806 plebe,
1302 1728 1430 1806 procul-

306 1832 377 1888 cato
405 1832 534 1903 senatu,
562 1832 667 1888 truces
695 1826 808 1903 armis,
837 1825 942 1905 rapidi
971 1826 1062 1905 equis
1092 1825 1198 1886 forum
1223 1826 1429 1904 inrumpunt.

306 1925 372 1985 Nec
410 1925 483 1986 illos
521 1924 673 2004 Capitolii
711 1929 859 2003 aspectus
894 1929 926 1984 et
955 1924 1199 1985 imminentium
1231 1923 1430 2003 templorum

306 2023 416 2100 religio
448 2028 480 2084 et
511 2023 631 2102 priores
660 2028 691 2083 et
718 2022 820 2083 futuri
848 2022 1009 2100 principes
1036 2026 1192 2099 terruere,
1225 2042 1290 2101 quo
1320 2023 1431 2083 minus
1453 2036 1483 2086 15

306 2121 447 2182 facerent
467 2120 587 2199 scelus,
609 2121 701 2182 cuius
721 2120 808 2181 ultor
829 2125 894 2197 est,
916 2120 1064 2199 quisquis
1085 2120 1247 2181 successit.

252 2222 289 2281 41
323 2213 325 2217 ’
348 2220 425 2280 Viso
453 2220 636 2280 comminus
664 2224 863 2279 armatorum
892 2218 1019 2296 agmine
1046 2218 1236 2279 vexillarius
1257 2210 1431 2279 comitatae

309 2316 447 2377 Galbam
468 2316 609 2378 cohortis
631 2316 785 2395 (Atilium
810 2315 1026 2393 Vergilionem
1052 2315 1151 2377 fuisse
1171 2315 1321 2394 tradunt)
1343 2315 1432 2377 dere-

308 2420 399 2493 ptam
424 2414 546 2475 Galbae
567 2415 742 2492 imaginem
763 2414 831 2474 solo
853 2413 990 2475 adflixit.
1019 2415 1067 2474 Eo
1089 2414 1180 2491 signo
1201 2413 1375 2474 manifesta
1397 2415 1432 2474 in

306 2513 471 2575 Othonem
501 2514 649 2574 omnium
682 2513 825 2573 militum
856 2511 980 2589 studia;
1013 2511 1177 2573 desertum
1208 2510 1284 2589 suga
1316 2512 1432 2591 populi
1452 2526 1486 2580 90

306 2611 413 2673 forum
422 2624 430 2689 ,'
452 2611 604 2673 destricta
625 2610 778 2672 adversus
793 2610 979 2672 dubitantes
994 2610 1068 2670 tela.
1090 2610 1189 2671 quta
1203 2610 1307 2671 Curtii
1321 2609 1430 2671 lacum

305 2710 521 2788 trepidatione
543 2709 714 2771 ferentium
736 2708 840 2769 Galba
860 2709 1021 2786 proiectus
1044 2727 1060 2768 e
1081 2708 1161 2769 sella
1182 2708 1432 2786 aevprovolutus
1447 2741 1459 2752 ν

305 2812 364 2867 est.
393 2808 583 2868 Extremam
604 2808 673 2867 eius
695 2826 823 2884 vocem,
848 2811 886 2867 ut
907 2807 1024 2885 cuique
1046 2805 1158 2866 odium
1180 2811 1236 2867 aut
1257 2805 1432 2868 admiratio

307 2904 386 2981 suit,
407 2906 495 2966 varie
516 2903 700 2983 prodidere:
722 2904 778 2964 alii
799 2903 989 2983 suppliciter
1008 2904 1235 2981 interrogasse,
1257 2903 1337 2982 quid
1351 2904 1432 2965 mali

306 3002 492 3078 meruisset;
531 3021 651 3081 paucos
689 3001 756 3063 dies
796 3001 976 3063 exolvendo
1016 3000 1170 3062 donativo
1205 3000 1432 3078 deprecatum3
1453 3017 1487 3070 25

309 3100 417 3178 plures
452 3100 606 3160 obtulisse
637 3099 724 3160 ultro
755 3099 997 3178 percussoribus
1028 3098 1193 3176 iugulum:
1233 3104 1363 3176 agerent
1395 3119 1432 3160 ac

308 3197 454 3272 ferirent,
477 3198 504 3257 si
526 3199 571 3258 ita
592 3217 609 3257 e
630 3217 664 3257 re
685 3197 816 3275 publica
837 3197 1010 3258 videretur.
1032 3197 1106 3257 Non
1123 3196 1270 3258 interfuit
1284 3196 1433 3258 occiden-

308 3296 408 3373 tium,
431 3295 509 3374 quid
531 3295 658 3356 diceret.
681 3296 728 3355 De
750 3314 936 3373 percussore
957 3313 1024 3355 non
1038 3294 1116 3355 satis
1131 3298 1266 3355 constat.
1288 3292 1433 3364 Quidam

309 3394 496 3455 Terentium
518 3399 704 3469 evocatum,
725 3393 781 3453 alii
803 3392 1014 3471 Laecanium,
1036 3392 1176 3453 crebrior
1195 3392 1283 3452 sama
1297 3392 1433 3454 tradidit

310 3491 516 3569 Camurium,
540 3491 673 3570 quintae
687 3490 830 3552 decimae
845 3491 979 3568 legionis
994 3489 1149 3567 militem,
1163 3490 1309 3569 inpresso
1323 3489 1432 3567 gladio
1451 3508 1484 3561 30

309 3589 458 3665 iugulum
479 3590 548 3650 eius
569 3589 723 3651 hausisse.
747 3588 851 3649 Ceteri
873 3607 966 3649 crura
986 3587 1183 3666 brachiaque
1205 3589 1296 3665 (nam
1317 3594 1432 3666 pectus

310 3782 470 3789 ——-

346 3917 370 3968 3.
390 3922 583 3966 ostentaverant
601 3913 679 3980 arrelpo
698 3912 883 3963 ostentauerint
902 3912 932 3962 F.
954 3942 986 3949 -
1006 3914 1031 3964 ἵ).
1051 3912 1197 3978 prospectu]
1208 3918 1339 3976 trospectu
1349 3911 1379 3961 F.
1398 3939 1430 3947 -

310 4005 335 4059 8.
354 4005 427 4071 plebe
446 4003 488 4055 Fl.
509 4034 541 4041 —
564 4004 604 4055 13.
624 4001 721 4068 rapidis
739 4002 793 4051 edd.
812 4019 862 4067 aeq.
883 4032 917 4039 -
939 4001 978 4053 16.
999 4001 1116 4051 successit
1135 4001 1157 4051 F
1176 4000 1377 4066 (sitiaraatra).
1399 4029 1430 4040 -

312 4094 352 4148 18.
372 4094 447 4171 galba
466 4094 495 4144 F.
516 4123 549 4130 -
568 4090 611 4143 93.
632 4091 777 4141 ammiratio
796 4091 825 4141 F.
847 4122 880 4136 -.-
900 4090 942 4141 24.
962 4090 1071 4156 prodere
1089 4090 1119 4140 F.
1140 4120 1173 4127 -
1192 4088 1235 4142 25.
1257 4086 1319 4158 (et)
1337 4106 1431 4156 paucos

311 4182 400 4233 Halm.
421 4212 452 4219 -
473 4180 515 4233 27.
535 4198 549 4231 θ
567 4182 629 4231 omia
647 4182 677 4232 F.
