3409 4909
299 517 327 567 p.
347 499 395 552 Ch.
416 500 463 566 69)
644 516 871 559 ursaonmnun
894 498 937 558 ΙΙ.
960 497 1089 558 91-94.
1366 498 1422 558 101

301 686 409 763 sinus,
430 690 463 746 et
484 685 616 764 quidam
638 686 672 745 in
694 685 828 746 domum
851 685 996 745 Caesaris
1017 686 1204 762 transgressi
1226 691 1324 764 atque
1345 685 1423 763 ipsis

302 784 443 845 dominis
464 783 669 863 potentiores.
1107 822 1110 829 ,

342 880 404 942 Sed
435 880 545 956 miles,
575 880 680 959 plenis
711 880 822 941 castris
853 885 886 941 et
916 879 1119 941 redundante
1150 878 1361 940 multitudine
1389 879 1477 940 11193

301 979 479 1058 porticibus
507 984 564 1039 aut
591 977 733 1039 delubris
762 982 794 1038 et
821 978 901 1039 urbe
929 982 997 1039 tota
1026 997 1142 1055 vagus,
1171 997 1236 1038 non
1265 977 1424 1056 principia

265 1089 282 1141 5
301 1096 447 1154 noscere,
476 1096 542 1137 non
563 1095 689 1139 servare
711 1076 836 1153 vigilias
858 1096 963 1156 neque
985 1076 1093 1137 labore
1115 1075 1252 1135 firmari:
1279 1096 1336 1154 per
1357 1075 1424 1136 ille

301 1173 412 1235 cebras
432 1173 522 1234 urbis
543 1178 575 1234 et
595 1174 768 1235 inhonesta
789 1173 879 1235 dictu
900 1192 1016 1252 eorpus
1038 1173 1119 1249 otio,
1148 1173 1297 1232 animum
1318 1172 1424 1232 libidi-

301 1272 398 1333 nibus
418 1271 666 1333 imminuebant.
691 1273 858 1332 Postremo
880 1290 920 1332 ne
941 1270 1054 1330 salutis
1076 1269 1207 1349 quidem
1230 1289 1322 1330 cura:
1344 1269 1424 1329 inlu·

301 1369 410 1430 mibus
438 1369 587 1430 Vaticani
614 1369 694 1430 locis
717 1389 836 1447 magna
857 1387 930 1447 pars
952 1368 1106 1445 tetendit;
1133 1367 1220 1428 unde
1241 1367 1368 1427 crebrae
1389 1367 1424 1426 in

301 1465 415 1543 volgus
429 1472 563 1528 mortes:
585 1471 618 1527 et
632 1466 799 1528 adiacente
816 1466 923 1527 Tiberi
939 1467 1175 1526 Germanorum
1191 1464 1423 1543 Gallorumque

247 1576 282 1629 10
302 1563 444 1624 obnoxia
474 1564 596 1625 morbis
627 1583 759 1644 corpora
789 1563 935 1624 fluminis
967 1562 1110 1625 aviditas
1137 1568 1168 1624 et
1198 1566 1305 1623 aestus
1333 1563 1423 1641 inpa-

302 1661 416 1722 tientia
437 1661 595 1724 labefecit.
618 1661 780 1724 Confusus
800 1662 933 1741 insuper
954 1662 1113 1741 pravitate
1135 1662 1187 1722 vel
1204 1660 1331 1721 ambitu
1346 1660 1423 1721 ordo

300 1759 446 1821 militiae.
489 1760 634 1821 Sedecim
672 1760 867 1840 praetoriae,
906 1764 1059 1839 quattuor
1098 1759 1240 1819 urbanae
1277 1758 1423 1818 cohortes

302 1857 539 1935 scribebantur,
562 1857 634 1936 quis
655 1857 782 1935 singula
804 1856 896 1918 milia
917 1858 1067 1918 inessent.
1090 1856 1167 1917 Plus
1189 1856 1223 1915 in
1245 1876 1281 1917 eo
1303 1855 1424 1917 dilectu

303 1953 422 2016 Valens
443 1954 597 2031 audebat,
619 1958 790 2034 tamquam
811 1955 921 2034 ipsum
943 1956 1113 2016 Caecinam
1132 1954 1274 2033 periculo
1290 1954 1424 2015 exemis-

246 2067 281 2120 15
301 2057 358 2113 set.
389 2052 472 2114 Sane
504 2052 646 2113 adventu
678 2053 746 2113 eius
777 2059 885 2133 partes
917 2053 1163 2131 convaluerant,
1195 2057 1229 2112 et
1256 2053 1423 2113 sinistrum

301 2150 381 2222 lenti
409 2150 532 2211 itineris
560 2170 724 2211 rumorem
752 2169 905 2231 prospero
926 2150 1048 2229 proelio
1071 2155 1224 2211 verterat:
1254 2150 1423 2226 omnisque

302 2247 461 2308 inferioris
501 2249 692 2309 Germaniae
730 2249 822 2310 miles
858 2249 1025 2310 Valentem
1058 2249 1297 2325 adsectabatur3
1336 2248 1423 2308 unde

301 2346 445 2425 primunr
473 2346 613 2407 creditur
641 2347 796 2409 Caecinae
826 2346 906 2408 fides
933 2347 1086 2408 fluitasse.
1116 2347 1266 2407 Ceterum
1291 2366 1357 2406 non
1378 2348 1423 2407 ita
1438 2347 1477 2407 94

302 2443 439 2504 ducibus
467 2444 604 2505 indulsit
631 2445 799 2523 Vitellius,
827 2450 865 2505 ut
893 2465 958 2506 non
986 2445 1060 2525 plus
1089 2444 1186 2504 militi
1209 2444 1326 2505 liceret.
1356 2444 1423 2505 Sibi

245 2553 282 2607 20
302 2541 439 2621 quisque
460 2541 611 2603 militiam
634 2562 816 2621 sumpsere:
838 2543 989 2623 quamvis
1011 2543 1179 2620 indignus,
1201 2542 1228 2601 si
1243 2543 1288 2602 ita
1302 2541 1424 2602 malue-

301 2644 364 2713 rat,
393 2640 535 2701 urbanae
563 2640 699 2702 militiae
728 2641 985 2718 adscribebatur;
1014 2659 1123 2702 rursus
1144 2640 1238 2700 bonis
1259 2659 1423 2700 remanere

300 2737 384 2798 inter
412 2737 602 2814 legionarios
625 2743 681 2798 aut
703 2738 806 2799 alares
827 2738 1011 2801 volentibus
1032 2738 1236 2817 permissum.
1266 2738 1331 2797 Nec
1352 2736 1423 2797 dee-

301 2840 389 2912 rant,
411 2836 469 2915 qui
489 2836 626 2913 vellent,
648 2835 723 2897 fessi
744 2836 866 2897 morbis
887 2842 920 2898 et
940 2836 1165 2915 intemperiem
1181 2835 1260 2896 caeli
1275 2835 1423 2895 incusan-

301 2938 358 2994 tes.
387 2933 514 2995 Robora
540 2939 651 2995 tamen
678 2933 858 3012 legionibus
880 2935 1004 3014 alisque
1025 2935 1205 3011 subtracta,
1233 2931 1423 2993 convolsum

245 3041 282 3096 25
302 3037 481 3092 castrorum
509 3032 622 3109 decus,
650 3032 766 3109 viginti
794 3032 927 3094 milibus
955 3053 971 3093 e
999 3037 1067 3094 toto
1089 3032 1232 3093 exercitu
1254 3030 1423 3110 permixtis

302 3129 402 3207 magis
425 3148 523 3209 quam
545 3129 665 3191 electis.

341 3228 556 3289 Contionante
584 3227 717 3289 Vitellio
745 3228 952 3308 postulantur
976 3227 1018 3287 ad
1039 3228 1238 3307 supplicium
1260 3226 1422 3287 Asiaticus

302 3332 334 3387 et
361 3326 482 3387 Flavus
509 3331 541 3387 et
569 3326 723 3403 Rufinus,
752 3326 851 3388 duces
874 3326 1069 3402 Galliarum,
1099 3324 1186 3404 quod
1208 3343 1266 3402 pro
1281 3322 1423 3403 ,Vindice

300 3423 488 3500 bellassent3
523 3444 582 3485 nec
614 3424 781 3485 coercebat
812 3424 970 3486 eiusmodi
1002 3442 1096 3484 voces
1128 3421 1295 3482 Vitellius:
1327 3440 1424 3500 super

246 3533 283 3586 30
300 3522 433 3581 insitam
460 3521 556 3582 inerti
584 3523 694 3583 animo
722 3522 886 3600 ignaviam
914 3522 1060 3582 conscius
1088 3520 1150 3580 sibi
1177 3520 1297 3579 instare
1325 3517 1423 3578 dona·

300 3618 403 3678 tivom
434 3623 466 3678 et
497 3618 606 3680 deesse
636 3619 826 3699 pecuniam,
859 3619 969 3681 omnia
1000 3618 1064 3678 alia
1093 3616 1190 3677 militi
1218 3615 1423 3692 largiebatur.

335 3848 360 3900 2.
389 3850 547 3916 potentiores
575 3851 605 3901 F.
635 3880 667 3887 -
696 3850 721 3902 9.
749 3847 927 3920 garroln'rque
953 3851 983 3901 F.
1014 3880 1047 3887 -
1069 3850 1109 3903 10.
1138 3849 1248 3901 aviditas
1266 3848 1424 3898 mecolaeta

299 3938 424 3990 auiditate
457 3939 487 3990 F.
521 3968 552 3977 -
581 3939 651 3992 0.11.
680 3939 940 3991 auiditate-labefacta
967 3939 1070 3990 Meiser.
1101 3969 1134 3977 —
1164 3938 1291 3989 Confusus
1318 3937 1424 4003 insuper

302 4026 397 4079 Gerber
420 4026 467 4089 (30
492 4029 557 4079 enim
581 4028 642 4078 aliis
664 4028 724 4079 locis
742 4028 847 4094 insuper
866 4029 943 4079 altero
965 4028 1016 4079 loco
1035 4029 1172 4079 sententiae
1192 4027 1300 4094 ἱερέων).
1328 4055 1360 4063 -
1379 4024 1423 4078 20.

299 4117 420 4168 maluerit
438 4115 481 4170 Fl.
501 4147 534 4155 -
553 4115 596 4168 22.
616 4118 697 4168 aleres
715 4118 745 4168 F.
766 4146 799 4154 -
818 4117 861 4170 30.
880 4116 958 4167 inerti
976 4116 1103 4180 Plateam
1124 4118 1154 4182 cf.
1174 4116 1195 4165 I.
1213 4114 1246 4168 62
1260 4115 1305 4164 ribi
1318 4115 1340 4165 F
1353 4114 1424 4164 tabet

298 4206 421 4269 Inmerti3
441 4213 523 4258 morte
541 4206 564 4257 F
582 4206 707 4257 marcenti
729 4204 797 4257 Orcll
814 4207 844 4265 cs.
865 4206 916 4256 III.
937 4205 971 4258 36
990 4205 1090 4256 socordi
1108 4204 1262 4255 Helmrciclt.
