3409 4909
265 497 291 545 p.
310 479 357 531 Ch.
378 479 424 544 70)
607 496 834 540 nrsronrnaun
857 479 893 539 V.
917 479 1044 540 21-24.
1328 481 1385 545 2⁴27

263 662 364 723 tandi.
397 662 561 741 Complet,
594 662 681 741 quod
712 663 900 739 biremium,
932 684 1078 745 quaeque
1106 666 1245 745 simplici
1274 666 1386 728 ordine

264 760 441 837 agebantur
448 781 455 837 ;
484 759 609 821 adiecta
636 761 748 837 ingens
775 762 923 823 lintrium
952 763 1016 841 vis3
1045 764 1183 825 tricenos
1211 765 1385 843 quadrage-

264 869 386 935 nosque
407 858 530 935 ferunt3
559 864 760 919 armamenta
781 859 962 921 Liburnicis
985 861 1096 938 solita;
1124 867 1156 922 et
1177 862 1275 923 simul
1296 867 1385 923 actae

263 955 375 1016 lintres
403 956 525 1032 sagulis
551 955 797 1017 versicoloribus
825 957 915 1018 haud
943 957 1090 1020 indecore
1116 979 1174 1038 pro
1194 958 1275 1021 velis
1296 960 1385 1021 iuva-

227 1067 244 1119 5
263 1053 390 1114 bantur.
412 1053 561 1132 Spatium
583 1054 673 1115 velut
693 1055 841 1133 aequoris
859 1054 1015 1132 electum,
1038 1076 1102 1133 quo
1117 1057 1226 1118 Mosae
1241 1057 1385 1118 fluminis

263 1170 298 1212 os
337 1171 467 1211 amnem
502 1151 653 1213 Rhenum
683 1151 811 1213 Oceano
842 1152 1002 1214 adfundit.
1042 1154 1146 1215 Causa
1178 1154 1385 1217 instruendae

263 1248 374 1310 classis
396 1269 491 1328 super
512 1250 644 1310 insitam
664 1249 752 1327 genti
773 1251 969 1329 vanitatem,
991 1257 1028 1312 ut
1049 1272 1085 1313 eo
1107 1258 1226 1314 terrore
1247 1274 1384 1315 comme-

264 1353 336 1409 atus
368 1348 474 1408 Gallia
505 1346 717 1409 adventantes
749 1348 1024 1428 interciperentur.
1064 1350 1196 1411 Cerialis
1228 1345 1384 1412 miraculo

262 1445 365 1522 magis
393 1465 492 1524 quam
519 1452 609 1507 metu
638 1444 763 1506 derexit
790 1446 942 1524 classem,
971 1467 1107 1508 numero
1131 1448 1293 1527 inparem,
1322 1469 1384 1511 usu

209 1554 244 1608 10
262 1543 437 1620 remigum,
458 1543 709 1619 gubernatorum
724 1549 807 1622 arte,
826 1545 961 1606 navium
977 1546 1200 1623 magnitudine
1215 1547 1382 1626 potiorem.

262 1641 324 1701 His
352 1641 475 1703 flumen
503 1640 699 1718 secundum,
728 1642 776 1701 illi
798 1648 896 1703 vento
917 1643 1110 1720 agebantur:
1139 1644 1184 1705 sic
1206 1647 1382 1723 praevecti,

262 1743 420 1818 temptato
441 1738 563 1800 levium
584 1739 724 1800 telorum
745 1740 833 1801 iactu
856 1740 1062 1802 dirimuntur.

302 1836 415 1897 Civilis
442 1837 526 1897 nihil
547 1836 633 1897 ultra
654 1856 751 1898 ausus
773 1842 861 1898 trans
884 1838 1035 1899 Rhenum
1057 1839 1221 1901 concessit.
1251 1839 1383 1902 Cerialis

260 1934 403 1995 insulam
441 1936 639 1995 Batavorum
676 1934 836 1996 hostiliter
870 1936 1063 2015 populatus,
1102 1956 1193 2013 agros
1225 1936 1383 2016 villasque

208 2032 374 2097 incivilis
395 2033 534 2094 intactas
555 2038 633 2094 nota
654 2038 721 2094 arte
743 2032 865 2093 ducum
887 2033 1029 2110 sinebat,
1051 2053 1126 2094 cum
1148 2034 1277 2095 interim
1294 2034 1383 2096 flexu

261 2132 411 2191 autumni
443 2136 475 2192 et
507 2131 623 2192 crebris
652 2151 709 2210 per
737 2131 979 2210 aequinoctium
1008 2131 1166 2192 imbribus
1196 2132 1383 2211 superfusus

262 2228 367 2289 amnis
395 2229 572 2308 palustrem
601 2228 824 2308 humilemque
846 2229 987 2289 insulam
1008 2229 1042 2289 in
1065 2229 1179 2290 faciem
1201 2230 1306 2307 stagni
1328 2250 1382 2309 op-

262 2324 379 2404 plevit;
417 2346 475 2387 nec
507 2326 617 2387 classis
649 2331 706 2387 aut
737 2331 937 2387 commeatus
968 2326 1119 2404 aderant,
1151 2332 1318 2407 castraque
1349 2328 1383 2388 in

261 2422 360 2501 plano
388 2424 450 2485 sita
477 2425 510 2485 vi
537 2424 683 2485 fluminis
704 2424 944 2485 differebantur.
974 2425 1120 2486 Potuisse
1142 2430 1220 2486 tunc
1242 2426 1383 2505 opprimi
1398 2426 1436 2486 24

205 2533 243 2587 20
261 2519 416 2597 legiones,
438 2528 470 2583 et
492 2522 632 2583 voluisse
653 2522 846 2598 Germanos,
869 2521 925 2582 sed
946 2520 1021 2581 dolo
1043 2541 1061 2581 a
1083 2540 1116 2582 se
1136 2522 1238 2582 flexos
1254 2523 1383 2602 inputa-

261 2618 309 2679 vit
330 2619 450 2680 Civilis.
473 2620 584 2698 Neque
605 2619 755 2680 abhorret
776 2638 868 2697 vero,
891 2618 1022 2697 quando
1043 2619 1155 2697 paucis
1179 2624 1250 2697 post
1269 2619 1382 2681 diebus

261 2715 383 2777 deditio
420 2717 566 2777 insecuta
603 2722 659 2778 est.
699 2717 783 2776 Nam
821 2716 953 2777 Cerialis
989 2736 1045 2795 per
1076 2715 1218 2777 occultos
1250 2718 1382 2779 nuntios

261 2814 393 2875 Batavis
420 2835 550 2894 pacem.
579 2814 674 2876 Civili
706 2814 834 2875 veniam
863 2820 1045 2891 ostentans,
1075 2812 1231 2874 Veledam
1252 2815 1382 2893 propin-

260 2930 407 2991 quosque
437 2911 590 2973 monebat
621 2911 784 2972 fortunam
815 2910 908 2987 belli,
940 2916 988 2972 tot
1019 2910 1165 2971 cladibus
1197 2910 1381 2991 adversam,

204 3022 240 3076 25
260 3014 444 3088 opportuno
471 3030 546 3087 erga
573 3010 733 3089 populum
759 3010 943 3071 Romanum
965 3009 1080 3070 merito
1102 3013 1236 3070 mutare.
1266 3010 1382 3071 Caesos

261 3107 430 3184 Treveros,
458 3113 602 3187 receptos
631 3107 747 3184 Ubios,
776 3112 921 3186 ereptam
942 3107 1074 3168 Batavis
1096 3107 1249 3186 patriam;
1278 3127 1383 3187 neque

260 3202 350 3263 aliud
382 3204 494 3265 Civilis
526 3205 668 3265 amicitia
699 3209 828 3283 parturn
859 3224 957 3284 quam
987 3204 1120 3267 volnera
1147 3204 1238 3282 fugas
1266 3204 1381 3267 luctus.

261 3300 400 3363 Exulem
428 3321 502 3362 enm
532 3307 563 3363 et
590 3307 750 3363 extorrem
771 3302 1001 3380 recipientibus
1023 3302 1127 3378 oneri;
1160 3307 1191 3363 et
1213 3303 1289 3363 satis
1312 3323 1382 3383 pec-

260 3399 397 3476 cavisse,
427 3398 514 3478 quod
536 3400 653 3460 totiens
675 3399 825 3459 Rhenum
847 3398 1120 3461 transcenderint:
1148 3400 1174 3459 si
1197 3400 1276 3479 quid
1297 3400 1383 3462 ultra

295 3655 319 3706 3.
339 3655 425 3706 ferunt
445 3656 466 3707 l.
486 3656 596 3719 Mtiller,
616 3656 662 3722 qui
679 3656 758 3706 uerba
777 3656 887 3707 tricenos
903 3686 937 3693 —
952 3655 1232 3705 feruntrmcisincluait
1243 3685 1275 3693 -
1286 3655 1381 3721 lerunt]

258 3740 301 3793 se?
325 3743 347 3793 F
372 3762 447 3810 uapor
471 3742 513 3795 sei·
538 3742 665 3795 armaffita
689 3745 788 3810 scripsit
805 3762 837 3795 m.
857 3742 873 3794 2
893 3761 954 3795 seua
972 3740 1081 3807 mointa,
1098 3762 1146 3810 pro
1166 3740 1383 3794 serueueram

259 3847 361 3882 uexere.
391 3861 423 3869 -
449 3840 520 3883 actae
545 3832 665 3884 Heraeus
688 3842 763 3906 capte
788 3833 811 3882 F
831 3832 947 3882 lucarnam
962 3840 1019 3898 post
1042 3828 1082 3883 sei
1100 3832 1188 3882 statuit
1206 3832 1302 3894 Rider,
1324 3838 1384 3897 post

257 3928 348 3985 captae
373 3920 454 3987 Nipp.
484 3951 517 3957 —
539 3920 579 3973 10.
608 3921 717 3987 remigiii
735 3922 765 3971 F.
793 3951 825 3959 -
847 3921 888 3973 16.
915 3937 962 3985 per
981 3920 1171 3986 aequinoctium
1194 3918 1272 3971 Orelli
1279 3938 1289 3981 ,·
1314 3919 1383 3969 inF

259 4025 349 4058 rasura
373 4009 401 4058 in
426 4027 478 4075 qua
503 4009 553 4076 lepi
573 4017 666 4075 postest
691 4026 737 4075 per
761 4009 955 4075 equin...tii1,
980 4007 996 4058 2
1021 4027 1052 4059 m.
1079 4025 1198 4074 cttperscr.
1224 4007 1381 4073 pertinacisr,

258 4098 326 4162 quod
340 4105 430 4163 postea
448 4098 556 4148 deletum
574 4106 617 4149 eat.
638 4128 671 4135 —
693 4100 733 4151 17.
753 4098 845 4165 amnis]
866 4098 959 4148 animis
978 4098 1000 4148 F
1020 4099 1151 4164 (eriperem.
1170 4115 1202 4147 m.
1222 4095 1238 4147 2
1254 4096 1327 4161 anis).
1348 4125 1381 4133 -

257 4183 301 4236 25.
321 4193 449 4250 oportuno
468 4186 498 4236 F.
520 4216 551 4223 -
571 4185 614 4238 27.
634 4194 738 4251 partum
756 4186 841 4236 Rider
861 4190 952 4251 paratu
970 4185 993 4235 F
1012 4187 1041 4250 cs.
1061 4203 1080 4235 c.
1097 4204 1125 4251 p.
1145 4183 1251 4237 21922.

1225 4272 1272 4325 15*
