3409 4909
281 485 308 535 p.
329 467 377 519 Ch.
398 468 443 534 69)
625 485 853 528 macomariam
875 468 918 529 Π.
941 468 1069 533 73-76.
1366 471 1403 531 91

280 653 348 713 tiae
385 658 590 732 provectum:
627 653 756 714 facilius
787 655 954 716 universos
986 654 1099 734 inpelli
1131 674 1230 733 quam
1262 657 1404 735 singulos

280 751 388 813 vitari.

323 849 386 909 His
413 849 588 927 pavoribus
608 854 780 910 nutantem
801 855 833 910 ct
853 850 909 910 alii
930 850 1027 928 legati
1048 852 1210 931 amicique
1232 852 1405 913 firmabant
1419 855 1458 919 76

283 952 316 1008 ct
334 947 521 1025 Mucianus,
544 952 617 1025 post
630 947 751 1009 multos
766 953 968 1026 secretosque
983 967 1145 1010 sermones
1160 950 1225 1010 iam
1240 955 1272 1011 ct
1286 970 1405 1012 corona

245 1047 432 1124 5<coram>
464 1046 510 1105 ita
537 1045 674 1107 locutus
709 1046 830 1124 Onna,
863 1047 916 1124 qui
942 1067 1125 1125 ruopnarurn
1152 1069 1252 1109 reruni
1279 1050 1405 1110 canaitia

281 1144 465 1222 uiacipiuut,
494 1145 653 1204 aeatiotare
673 1144 790 1221 debent,
818 1164 876 1222 an,
899 1144 977 1222 quod
996 1145 1184 1224 inchoaturi,
1206 1147 1405 1226 reipublicae

281 1242 372 1318 rutile,
404 1242 481 1321 ipaia
510 1243 687 1320 piorioaurn,
720 1245 803 1320 [aut]
828 1251 1005 1322 promptum
1033 1244 1135 1321 effectu
1162 1253 1216 1305 aut
1244 1254 1318 1305 certe
1344 1265 1405 1305 non

282 1340 416 1400 arduum
432 1340 489 1399 ait:
511 1340 603 1400 aimut
616 1341 694 1418 ipae,
717 1341 770 1417 qui
782 1341 903 1416 suadet,
926 1340 1159 1401 carnideraudua
1173 1350 1229 1414 eat,
1251 1341 1405 1403 adiciatne

282 1437 406 1497 concilio
432 1437 601 1515 periculum
630 1456 733 1512 muru,
765 1447 791 1497 et
821 1438 848 1498 ai
875 1438 1004 1514 fortuna
1035 1440 1143 1517 coeptia
1173 1439 1324 1517 adfuerit,
1356 1441 1405 1501 cui

233 1541 263 1595 10
282 1554 433 1596 aumsntunt
460 1533 546 1594 daura
570 1535 762 1613 adquiratur.
790 1537 854 1614 Epo
881 1543 921 1613 te,
957 1536 1151 1615 Veapuaiane,
1180 1538 1222 1597 ad
1242 1538 1405 1616 imperium

281 1653 364 1709 uoco,
390 1652 482 1709 quarn
501 1634 634 1693 aatutare
654 1633 867 1712 reipublicae,
890 1655 982 1711 quarn
1004 1635 1058 1695 tibi
1078 1635 1289 1713 cnapnificurn,
1318 1636 1404 1697 iacta

282 1730 349 1791 deca
377 1731 411 1790 in
439 1739 492 1790 tna
518 1752 614 1791 rnanu
637 1732 770 1810 poaiturn
797 1740 846 1792 cat.
875 1734 937 1793 Nec
961 1735 1085 1811 apeeiern
1105 1734 1263 1794 adulantia
1284 1754 1404 1812 expaue-

281 1828 361 1888 rim:
389 1848 409 1887 a
437 1829 616 1889 contumelia
637 1850 729 1907 quarn
749 1851 769 1889 a
791 1831 881 1891 laude
897 1832 1024 1909 propina
1040 1830 1137 1908 suerit
1154 1840 1223 1910 poat
1250 1832 1405 1893 Vitellium

282 1926 362 2004 dipi.
394 1928 465 1986 Non
491 1924 632 1987 adueraua
659 1927 724 1987 diui
750 1928 884 2006 Auprtati
911 1928 1091 1989 acerrimam
1118 1937 1245 1989 rnentern
1271 1949 1323 1989 nee
1349 1930 1404 1989 ad-

232 2031 262 2082 15
281 2042 382 2083 oeraru
408 2024 616 2108 eautiaairnarn
647 2024 759 2084 Tiberii
785 2033 974 2102 aenectutcoa‚
1003 2045 1040 2085 ne
1067 2034 1170 2085 contra
1199 2026 1260 2086 aot
1285 2027 1405 2103 quidem

281 2129 337 2181 aut
364 2121 489 2182 Claudii
509 2123 553 2181 ad
573 2123 703 2182 Neronia
720 2122 891 2199 fundatam
913 2124 997 2202 ionpo
1017 2125 1144 2202 inperio
1166 2125 1287 2185 domum
1308 2144 1404 2185 exaur-

280 2218 400 2297 pirnua;
429 2218 540 2279 ceaaiati
567 2220 659 2279 atiani
689 2220 802 2280 Galbae
828 2221 1030 2299 incapinibna:
1059 2230 1171 2299 torpere
1191 2224 1273 2282 nitra
1295 2231 1320 2283 et
1338 2224 1404 2301 pol-

282 2316 426 2376 luendam
441 2317 685 2396 perdendamque
705 2338 768 2379 reru
784 2318 940 2397 publicana
960 2320 1124 2397 relinquere
1137 2339 1223 2398 aopor
1237 2328 1263 2380 et
1277 2321 1404 2398 ipnauur

280 2413 446 2491 uideretur,
469 2415 588 2475 etiantai
610 2416 679 2492 tibi,
701 2435 794 2493 quarn
814 2416 988 2493 inhoneata,
1011 2424 1074 2477 tarn
1096 2425 1161 2476 tuta
1182 2418 1305 2477 aeroitua
1324 2426 1402 2478 eaaet.

232 2516 264 2571 20
281 2510 370 2571 Abiit
396 2511 462 2572 iarn
491 2520 518 2571 et
547 2520 744 2573 traoaoeeturn
771 2523 812 2573 eat
834 2522 963 2592 tempua,
992 2534 1048 2592 quo
1065 2534 1165 2592 poaaea
1184 2514 1281 2574 uideri
1302 2534 1404 2575 concu-

276 2610 376 2687 piaae:
409 2609 642 2688 consopiendam
673 2619 713 2671 cat
744 2612 786 2671 cd
817 2612 987 2690 inperium.
1020 2612 1073 2670 An
1101 2610 1208 2671 excidit
1237 2611 1404 2671 trucidatua

284 2707 431 2767 Corbulo?
457 2709 646 2787 splendidior
673 2709 802 2787 orique,
832 2729 924 2786 quarn
944 2728 997 2768 noa
1017 2727 1133 2786 annua,
1158 2708 1278 2785 fateor;
1306 2707 1403 2769 aedat

281 2807 362 2865 Nero
393 2805 550 2867 nobilitate
579 2807 734 2867 natalium
771 2807 926 2867 Vitellium
953 2806 1094 2866 anteibat.
1127 2806 1210 2865 Sutia
1237 2806 1335 2865 darua
1363 2814 1403 2866 eat

282 2904 368 2981 apud
390 2905 556 2981 timentem,
578 2904 712 2982 quiaquia
733 2905 855 2964 timetur
861 2926 874 2979 ;
896 2912 922 2965 et
940 2924 1025 2983 poaae
1045 2904 1081 2963 ab
1096 2904 1222 2965 exercitu
1231 2904 1404 2982 principem

232 3003 264 3058 25
276 3000 348 3079 fieri
385 3000 443 3060 aibi
480 3002 545 3080 ipae
582 3002 720 3062 Vitellius
750 3003 937 3080 documento,
978 3002 1072 3062 nullia
1103 3001 1278 3080 atipendiia‚
1316 3003 1404 3062 nulla

280 3099 415 3158 militari
442 3098 549 3176 furna,
590 3100 703 3161 Galbae
733 3100 801 3160 odio
828 3108 989 3179 prouectua.
1029 3101 1076 3160 Ne
1109 3100 1252 3161 Othonem
1283 3100 1404 3178 quiden

281 3196 366 3256 ducia
393 3205 458 3256 arte
479 3205 533 3257 aut
555 3198 695 3258 exercitus
715 3199 761 3277 ui,
791 3199 842 3259 aed
859 3218 1063 3278 praepropera
1083 3198 1181 3276 ipaiua
1201 3197 1404 3275 deaperatione

280 3416 442 3423 ..—

316 3556 341 3606 4.
370 3557 465 3607 multos
493 3575 521 3607 ea
539 3558 620 3609 muita
639 3566 772 3609 corrcctum
790 3558 820 3608 F.
852 3588 882 3595 —-
903 3575 997 3609 corona
1018 3555 1141 3626 (coram)
1161 3558 1251 3623 acripai
1269 3557 1403 3607 coronaF

280 3662 367 3695 coram
387 3647 475 3697 amicis
494 3646 583 3697 Rittcr.
605 3677 637 3684 -
658 3648 681 3700 6.
701 3647 847 3698 inchoaturi
866 3648 888 3698 F
907 3648 957 3698 aad.
977 3664 1038 3697 carr.
1057 3666 1089 3697 ra.
1109 3646 1125 3697 2
1145 3647 1172 3696 in
1191 3646 1327 3697 inchoatur
1337 3648 1403 3713 quod

282 3734 367 3801 {count
385 3734 465 3802 Nipp.
486 3736 541 3787 alii.
555 3762 599 3773 ’-
622 3738 645 3787 7.
672 3736 736 3803 [aut]
754 3737 853 3787 aeeluait
872 3736 952 3803 Nipp.
972 3753 1005 3786 an
1028 3734 1137 3787 Claaaen.
1159 3765 1191 3773 —
1211 3736 1304 3786 effectu
1322 3743 1367 3786 aut
1385 3738 1402 3785 ri

279 3832 349 3875 carta
367 3822 385 3875 fi
405 3824 435 3875 F.
456 3854 489 3862 —
511 3826 551 3876 11.
571 3842 649 3891 quam
669 3827 780 3876 salutare
799 3826 821 3876 I.
841 3825 951 3889 Mulier,
971 3824 1066 3875 Meiaer
1080 3833 1176 3891 tanqua
1191 3826 1402 3893 salutareFtam

280 3913 394 3963 salutare
417 3913 498 3979 Nipp.
525 3943 558 3951 -
583 3914 733 3979 cxpaucrinr
755 3913 782 3965 O.
807 3913 846 3964 M.
866 3913 1000 3964 Francken
1018 3914 1155 3979 cxpaueris
1173 3914 1203 3964 F.
1231 3943 1263 3950 —
1285 3915 1325 3965 17.
1351 3922 1403 3964 tor·

280 4017 343 4065 porc
366 4001 397 4052 F.
423 4030 455 4039 -
484 4000 524 4054 18.
550 4018 642 4067 sopore
667 4000 709 4052 Fl.
735 4032 767 4039 —
794 4000 836 4054 20.
861 4018 913 4052 non
938 4002 1037 4067 cupisse
1055 4001 1166 4068 Ruperti
1184 4019 1236 4052 non
1255 4001 1403 4067 concupisse

280 4088 379 4140 Novak.
405 4120 439 4127 -
465 4088 507 4140 22.
536 4090 667 4155 splendior
695 4108 722 4140 ex
747 4090 888 4156 splendiori
912 4108 972 4141 corr.
998 4091 1028 4141 F.
1054 4119 1086 4127 -
1105 4089 1148 4142 25.
1173 4091 1237 4141 uulli
1255 4091 1285 4141 F.
1306 4121 1339 4128 -
1359 4090 1402 4143 27,

279 4179 407 4230 exercitus
426 4180 453 4229 ui
474 4179 553 4230 Rieu.
573 4180 701 4230 exercitus
719 4180 758 4230 sui
777 4180 807 4230 F.
827 4210 861 4217 —
880 4196 1041 4245 propropcra
1060 4178 1101 4230 Fl.
