3409 4909
319 461 377 522 208
743 459 884 520 conuair
906 477 1017 521 raorrr
1289 463 1324 527 (a.
1345 477 1371 512 u.
1391 459 1443 514 823

317 646 441 724 legatus
472 648 506 707 in
537 647 672 707 Nervios
703 647 913 726 Tungrosque
941 647 1052 724 duxit,
1084 665 1204 726 eaeque
1232 646 1382 708 civitates
1409 645 1445 706 in

318 744 516 806 deditionem
551 749 716 823 acceptae:
755 744 891 805 classem
924 745 1009 806 ultro
1041 744 1269 805 Canninefates
1301 743 1445 821 adgressi

318 849 410 920 sunt,
438 842 606 922 maiorque
631 862 705 921 pars
727 842 863 903 navium
885 843 1034 922 depressa
1055 848 1113 903 aut
1134 846 1237 917 capta.
1267 842 1309 902 nt
1331 842 1445 905 Nervi-

318 959 411 1001 orum
442 939 702 1015 multitudinem,
735 944 849 1019 sponte
881 944 1095 1017 commotam,
1127 944 1164 1001 ut
1194 959 1253 1019 pro
1285 939 1445 1001 Romanis

318 1038 441 1099 bellum
463 1041 657 1117 capesseret,
678 1037 766 1098 idern
787 1037 1016 1099 Canninefates
1037 1037 1164 1114 fudere;
1187 1036 1349 1097 Classicus
1365 1048 1479 1116 quo-5

318 1155 380 1214 que
402 1136 555 1197 adversus
576 1136 700 1216 equites
722 1136 918 1197 Novaesium
941 1156 960 1196 a
981 1135 1104 1197 Ceriale
1121 1134 1315 1215 praemissos
1330 1154 1446 1196 secun·

318 1233 397 1292 dum
418 1233 577 1312 proelium
598 1233 681 1295 fecit.
704 1234 793 1305 Quae
815 1234 958 1311 modica,
980 1233 1037 1294 sed
1058 1234 1168 1295 crebra
1182 1232 1303 1293 damna
1318 1232 1445 1293 famam

319 1330 470 1392 victoriae
491 1351 594 1411 nuper
615 1338 726 1410 partae
748 1331 941 1393 lacerabant.

265 1435 304 1497 80
358 1428 467 1489 Isdem
484 1468 488 1471 -
505 1429 619 1490 diebus
656 1430 828 1491 Mucianus
868 1430 991 1491 Vitellii
1029 1428 1134 1489 filium
1165 1426 1302 1489 interfici
1335 1426 1444 1505 iubet,

224 1582 229 1592 ,
287 1539 293 1549 ·
318 1545 505 1586 mansuram
527 1526 722 1587 discordiam
737 1527 929 1604 obtendens,
951 1527 985 1586 ni
1000 1527 1124 1587 semina
1137 1525 1214 1587 belli
1228 1524 1445 1586 restinxisset.
1465 1537 1497 1591 10

321 1624 431 1703 Neque
452 1625 633 1685 Antonium
654 1626 800 1686 Primum
822 1624 939 1686 adsciri
959 1625 1043 1686 inter
1063 1624 1196 1686 comites
1218 1623 1444 1708 aDomitiapo

318 1741 432 1799 passus
461 1729 523 1799 est,
551 1723 660 1784 favore
688 1724 832 1784 militum
855 1724 971 1783 anxius
993 1727 1025 1784 et
1046 1722 1196 1801 superbia
1217 1721 1294 1799 viri,
1324 1740 1445 1800 aequa-

318 1819 399 1881 lium
431 1840 575 1900 quoque,
608 1821 688 1882 adeo
720 1821 922 1900 superiorum
953 1820 1164 1882 intolerantis.
1200 1818 1369 1879 Profectus
1402 1818 1445 1879 ad

299 1918 552 1997 .Vespasianum
582 1920 744 1980 Antonius
771 1924 809 1980 ut
836 1938 902 1979 non
930 1938 987 1997 pro
1016 1937 1072 1997 spe
1100 1936 1158 1978 sua
1185 1916 1363 1995 excipitur,
1398 1916 1445 1976 ita

317 2036 422 2095 neque
444 2036 554 2077 averso
576 2017 779 2096 imperatoris
794 2017 912 2077 animo.
935 2016 1136 2077 Trahebatur
1150 2015 1184 2075 in
1199 2014 1343 2091 diversa,
1365 2013 1445 2074 hinc
1464 2029 1495 2081 15

318 2114 440 2174 meritis
468 2115 617 2191 Antonii,
647 2116 739 2175 ouius
761 2114 861 2176 ductu
883 2113 1064 2175 confectum
1087 2112 1294 2173 hauddubie
1316 2110 1444 2173 bellurn

318 2217 400 2290 erat,
422 2212 498 2273 inde
519 2212 662 2273 Muciani
684 2212 846 2291 epistulis,
872 2212 971 2273 simul
992 2212 1087 2273 ceteri
1108 2216 1146 2271 ut
1166 2210 1322 2271 infestum
1344 2210 1444 2270 tumi-

319 2310 462 2389 dumque
493 2310 749 2387 insectabantur,
781 2311 943 2379 adiunctis
974 2310 1089 2389 prioris
1121 2310 1207 2371 vitae
1238 2308 1444 2369 criminibus

318 2408 429 2486 Neque
456 2407 525 2486 ipse
554 2407 662 2469 deerat
686 2408 875 2485 adrogantia
896 2428 1010 2471 vocare
1031 2408 1182 2484 offensas,
1210 2406 1334 2467 nimius
1355 2425 1444 2467 com-

319 2505 551 2583 memorandiS,
583 2525 666 2585 quae
694 2506 871 2567 meruisset.
905 2506 994 2567 Alios
1023 2511 1060 2567 ut
1087 2505 1237 2581 inbelleS,
1266 2503 1445 2565 Caecinam
1461 2517 1495 2571 20

319 2608 355 2663 ut
383 2603 546 2681 captivom
574 2623 610 2663 ac
638 2603 828 2665 dediticium
856 2604 1016 2682 increpat:
1045 2603 1132 2664 unde
1157 2602 1318 2682 paulatim
1339 2601 1445 2663 levior

318 2700 477 2780 viliorque
498 2702 623 2778 haberi,
645 2708 796 2762 manente
817 2708 928 2763 tamen
949 2702 983 2762 in
1004 2702 1144 2780 speciem
1165 2699 1317 2761 amicitia.

265 2809 302 2869 81
359 2799 418 2859 Per
446 2818 498 2860 eos
526 2819 667 2877 menses,
700 2799 818 2878 quibus
847 2799 1065 2878 Vespasianus
1094 2798 1311 2860 Alexandriae
1340 2802 1445 2859 statos

319 2895 448 2956 aestivis
482 2895 613 2956 flatibus
645 2895 713 2956 dies
745 2904 776 2956 et
808 2901 894 2958 certa
924 2897 1022 2957 maris
1053 2896 1295 2976 opperiebatur,
1335 2895 1445 2956 multa

319 2993 474 3053 miracula
495 3013 643 3070 evenere,
666 2994 739 3073 quis
760 2994 905 3055 caelestis
926 2994 1017 3057 favor
1039 2999 1071 3055 et
1091 2993 1252 3073 quaedam
1269 2993 1305 3053 in
1320 2994 1445 3072 Vespa·
1462 3006 1493 3061 25

318 3090 447 3151 sianum
474 3091 642 3152 inclinatio
670 3092 843 3152 numinum
873 3091 1102 3153 ostenderetur.
1131 3092 1159 3152 Ε
1183 3090 1276 3170 plebe
1299 3090 1443 3152 Alexan·

319 3187 412 3248 drina
440 3189 573 3265 quidam
601 3189 769 3250 oculorum
797 3190 871 3250 tabe
898 3196 995 3251 notus
1023 3209 1127 3267 genua
1148 3190 1217 3250 eius
1238 3188 1443 3267 advolvitur,

318 3286 497 3347 remedium
518 3287 680 3347 caecitatis
695 3307 878 3365 ,exposcens
892 3288 1030 3366 gemitu,
1053 3287 1181 3349 monitu
1195 3285 1359 3366 Serapidis
1375 3286 1442 3365 dei,

319 3405 415 3463 quem
439 3384 548 3446 dedita
568 3386 851 3463 superstitionibus
872 3405 949 3464 gens
971 3392 1045 3447 ante
1067 3386 1147 3447 alios
1168 3385 1245 3447 colit
1252 3405 1259 3463 ;
1288 3385 1444 3464 precaba-

318 3488 434 3563 turque
462 3484 656 3563 principem,
690 3488 726 3543 ut
753 3503 849 3560 genas
878 3488 910 3544 ct
937 3483 1105 3545 oculorum
1132 3483 1224 3545 orbes
1252 3482 1444 3559 dignaretur
1461 3495 1495 3550 30

356 3716 378 3766 l.
406 3732 436 3765 ca
460 3732 525 3787 qque
550 3716 580 3765 F.
610 3745 642 3751 -
668 3713 693 3765 2.
722 3711 831 3782 canlne
856 3714 948 3764 uelatis
972 3714 1038 3764 idem
1058 3713 1099 3767 10.
1129 3744 1162 3752 -
1181 3715 1205 3767 3.
1234 3713 1328 3781 depssa
1346 3714 1377 3767 F.
1409 3746 1442 3753 —

319 3803 343 3854 4.
369 3810 458 3868 sponte
477 3802 519 3853 Fl.
545 3833 577 3840 -
597 3805 621 3856 5.
647 3802 758 3867 Classib3
778 3804 807 3868 cs.
827 3802 915 3856 2059.
935 3833 969 3840 -
991 3803 1031 3857 10.
1052 3803 1088 3871 ni]
1108 3820 1141 3855 ne
1159 3804 1189 3854 F.
1210 3834 1242 3841 —
1264 3805 1305 3856 ll.
1326 3803 1442 3856 addomi·

319 3892 389 3942 tiano
413 3892 443 3942 F.
473 3923 506 3929 -
533 3892 573 3943 12.
602 3892 709 3943 anexius
732 3891 762 3942 F.
793 3921 824 3929 —
851 3891 891 3944 13.
921 3892 963 3959 ad]
990 3909 1005 3943 a
1029 3893 1059 3943 F.
1089 3924 1119 3930 —
1149 3894 1189 3945 15.
1218 3892 1328 3944 aduerso
1346 3893 1377 3944 F.
1409 3924 1443 3931 -

321 4033 361 4084 19.
391 4050 482 4085 uocare
506 4036 534 4099 cs.
559 4035 593 4086 V.
613 4033 655 4087 25.
686 4065 717 4071 -
738 4033 780 4084 22.
809 3996 896 4085 mepte
913 4034 944 4085 F.
974 4064 1006 4072 —
1026 4033 1068 4087 23.
1098 4034 1252 4101 uespasianr'r
1271 4034 1313 4086 Fl.
1344 4066 1378 4074 —
1398 4036 1440 4089 25.

318 4176 432 4227 caelestis
449 4176 531 4227 Rhea.
550 4178 610 4228 celis
628 4175 642 4227 ἓ
661 4178 692 4227 F.
713 4207 745 4214 —
764 4174 807 4228 29.
827 4123 887 4228 ‹ldtla
905 4178 928 4227 F
947 4179 973 4243 (e
991 4177 1019 4227 in
1037 4176 1146 4244 rasura).
