3409 4909
421 458 461 518 64
590 513 593 521 ,
636 502 638 505 ⁴
846 476 987 519 coanrnr
1008 476 1119 519 raorrr
1393 463 1426 529 (a
1443 480 1467 514 u.
1484 460 1519 516 tlt

418 664 544 722 muros,
574 646 705 708 instruit
726 665 888 725 aggerem,
913 647 1047 708 molitur
1067 652 1192 728 portas:
1215 653 1327 710 contra
1348 647 1523 729 praetoriani

419 742 592 823 dispositos
621 745 662 805 ad
689 743 723 805 id
749 745 858 825 ipsum
886 745 1024 807 molares
1051 746 1174 825 ingenti
1198 746 1340 825 pondere
1362 767 1400 808 ac
1421 748 1524 826 fragore

418 842 626 920 provolvunt.
655 843 732 903 Pars
754 842 964 904 subeuntium
986 842 1110 921 obruti,
1138 862 1215 923 pars
1234 844 1356 905 confixi
1377 850 1410 905 et
1430 863 1525 906 exsan-

417 959 494 1017 gues
516 945 573 1002 aut
594 939 706 1001 laceri:
728 960 804 1001 cum
825 948 954 1018 augeret
975 945 1114 1019 stragem
1131 941 1304 1021 trepidatio
1319 961 1423 1021 eoque
1437 942 1524 1004 acrius

419 1058 436 1099 e
467 1038 637 1126 moenibus
665 1038 926 1117 volnerarentur,
958 1038 1079 1100 rediere
1106 1039 1244 1101 infracta
1271 1040 1417 1119 partium
1444 1040 1523 1101 fama

418 1137 461 1198 Et
481 1136 618 1198 Caecina
639 1136 761 1216 pudore
782 1142 914 1215 coeptae
934 1144 1053 1198 temere
1074 1136 1341 1216 obpugnationis,
1364 1158 1404 1199 ne
1422 1139 1523 1199 inrisos

418 1253 455 1295 ac
482 1254 586 1296 vanus
607 1234 711 1295 isdem
732 1235 844 1296 castris
866 1233 1042 1312 adsideret,
1070 1235 1203 1296 traiecto
1225 1254 1335 1297 rursus
1357 1235 1448 1297 Pado
1468 1236 1524 1297 Cre·

418 1351 550 1393 monam
581 1338 688 1411 petere
718 1332 867 1395 intendit.
906 1332 1078 1394 Tradidere
1109 1352 1176 1395 sese
1208 1333 1341 1395 abeunti
1373 1333 1523 1395 Turullius

418 1430 550 1493 Cerialis
571 1421 646 1492 cum
667 1429 890 1509 compluribus
911 1431 1052 1492 classicis
1074 1436 1106 1492 et
1127 1431 1231 1493 Iulius
1246 1431 1450 1509 Briganticus
1463 1449 1522 1493 cum

416 1530 529 1609 paneis
551 1529 714 1609 equitum,
736 1528 789 1589 hic
809 1528 990 1609 praefectus
1011 1528 1097 1607 alae,
1118 1529 1153 1590 in
1174 1529 1305 1591 Batavis
1319 1530 1463 1607 genitus,
1483 1528 1523 1610 ille

416 1627 627 1714 primipilaris
648 1632 680 1688 et
701 1626 856 1688 Caecinae
877 1625 967 1687 haud
988 1626 1126 1705 alienus,
1149 1627 1237 1706 quod
1258 1626 1387 1689 ordines
1408 1628 1444 1689 in
1465 1628 1523 1689 Ger·

417 1726 527 1786 mania
548 1724 693 1786 duxerat.
737 1786 746 1799 ,

364 1828 403 1888 23
457 1823 621 1902 Spurinna
642 1827 806 1902 comperto
827 1822 941 1883 itinere
958 1822 1119 1900 hostium,
1142 1821 1307 1884 defensam
1322 1823 1521 1899 Placentiam,

418 1940 565 2000 quaeque
586 1924 673 1995 acta,
696 1924 728 1981 et
749 1919 828 1999 quid
849 1920 987 1980 Caecina
1008 1924 1151 1999 pararet,
1174 1921 1319 1983 Annium
1335 1922 1468 1983 Gallum
1480 1940 1523 2001 per

416 2018 539 2079 litteras
561 2017 663 2079 docet.
692 2017 805 2079 Gallus
827 2016 986 2095 legionem
1008 2018 1147 2097 primam
1168 2019 1203 2078 in
1223 2019 1386 2080 auxilium
1409 2020 1521 2081 Placen-

417 2116 480 2177 tiae
508 2116 662 2192 ducebat,
690 2115 815 2176 diffisus
839 2116 998 2195 paucitati
1019 2116 1217 2194 cohortium,
1245 2136 1286 2178 ne
1307 2116 1436 2195 longius
1457 2115 1522 2179 obsi-

417 2215 508 2276 dium
540 2220 572 2276 et
602 2214 670 2275 vim
701 2214 885 2276 Germanici
917 2214 1075 2276 exercitus
1107 2234 1222 2295 parurn
1254 2214 1445 2277 tolerarent:
1479 2212 1522 2275 ubi

416 2314 549 2393 pulsum
563 2312 734 2374 Caecinam
748 2332 877 2392 pergere
893 2311 1087 2373 Cremonam
1100 2314 1239 2391 accepit,
1261 2332 1353 2391 aegre
1368 2314 1523 2375 coercitam

416 2412 575 2490 legionem
603 2416 634 2473 et
662 2409 829 2491 pugnandi
857 2408 970 2471 ardore
996 2428 1099 2488 usque
1121 2408 1162 2469 ad
1183 2409 1376 2471 seditionem
1396 2426 1523 2490 progrcs

415 2529 486 2571 sam
514 2494 663 2571 Bedriaci
686 2508 779 2569 sistit.
809 2508 898 2575 Inter
925 2508 1087 2567 Veronam
1109 2505 1367 2586 Cremonamque
1388 2508 1468 2587 situs
1486 2510 1524 2568 est

416 2607 522 2685 vicus,
545 2606 671 2669 duabus
692 2606 759 2666 iam
779 2605 935 2666 Romanis
956 2603 1102 2665 cladibus
1123 2610 1220 2665 notus
1240 2600 1487 2686 infaustaeque(

456 2703 567 2765 Isdem
595 2703 708 2765 diebus
736 2722 755 2763 a
775 2702 897 2763 Marcio
919 2702 1028 2763 Macro
1049 2702 1130 2763 haut
1150 2701 1264 2782 procul
1286 2703 1446 2764 Cremona
1466 2720 1525 2782 pro

416 2821 507 2882 spere
538 2806 729 2882 pugnatum.
761 2801 909 2879 Namque
937 2806 1108 2880 promptus
1136 2800 1238 2861 animi
1266 2800 1408 2862 Marcius
1436 2806 1525 2862 trans

415 2904 524 2961 vectos
552 2898 690 2960 navibus
718 2898 910 2975 gladiatores
931 2898 967 2957 in
988 2896 1157 2959 adversam
1178 2897 1258 2959 Padi
1279 2898 1385 2978 ripam
1407 2902 1527 2978 repente

416 2997 539 3058 effudit.
562 2995 704 3057 Turbata
724 2995 770 3056 ibi
792 2994 1041 3056 Vitellianorum
1062 2995 1201 3073 auxilia,
1223 3001 1255 3058 et
1275 2998 1388 3058 ceteris
1411 2998 1527 3059 Cremo·

415 3114 492 3155 nam
514 3094 711 3171 fugientibus
733 3093 832 3172 caesi,
855 3094 911 3173 qui
933 3079 1126 3154 restiterant.
1146 3092 1208 3154 Sed
1229 3113 1393 3173 repressus
1409 3096 1527 3157 vincen-

415 3192 499 3253 tium
530 3193 687 3271 impetus,
719 3210 760 3251 ne
787 3190 881 3252 novis
909 3189 1061 3251 subsidiis
1089 3190 1209 3251 firmati
1237 3190 1345 3253 hostes
1373 3192 1527 3254 fortunam

415 3289 529 3369 proelii
544 3292 716 3350 mutarent.
732 3288 926 3367 Suspectum
940 3287 974 3348 id
989 3287 1181 3349 Othonianis
1197 3287 1275 3366 fuit,
1291 3290 1401 3351 omnia
1416 3289 1527 3352 ducum

415 3387 501 3448 facta
521 3405 620 3467 prave
642 3385 897 3446 aestimantibus.
920 3385 1090 3462 Certatim,
1112 3390 1149 3446 ut
1170 3386 1307 3465 quisque
1325 3388 1437 3448 animo
1449 3388 1527 3465 igna-

373 3501 378 3509 ·
416 3505 493 3561 vus,
522 3503 642 3564 procax
670 3502 739 3560 ore,
768 3483 914 3543 Annium
943 3482 1074 3544 Gallum
1096 3487 1128 3544 et
1148 3482 1340 3544 Suetonium
1362 3485 1527 3546 Paulinum

452 3703 474 3751 1.
503 3698 673 3766 praetorianis
700 3698 730 3749 F.
757 3728 790 3734 -
816 3698 840 3749 5.
869 3696 953 3747 redire
981 3697 1011 3747 F.
1038 3727 1070 3734 —
1095 3698 1131 3763 ll)
1158 3696 1245 3762 partin
1273 3698 1303 3749 F.
1330 3728 1364 3737 -
1391 3700 1416 3752 6.
1444 3698 1527 3751 inritus

415 3789 542 3841 Heraeus.
569 3819 601 3826 -
621 3787 645 3841 9.
671 3788 833 3853 bregantinos
857 3787 880 3837 F
901 3789 930 3852 cs.
950 3786 999 3837 IV.
1026 3786 1068 3840 70.
1096 3815 1128 3824 -
1150 3786 1190 3839 16.
1210 3785 1340 3852 paucitate
1359 3787 1384 3855 (e
1402 3787 1431 3837 a'a
1448 3788 1458 3837 i
1475 3792 1527 3837 mat.

414 3885 451 3928 eat
474 3876 510 3929 Fl
533 3879 577 3929 aad
601 3878 667 3928 aliua
691 3894 786 3942 sempor
810 3876 855 3926 ltoc
878 3876 982 3926 uerbum
1006 3893 1061 3927 cum
1085 3875 1146 3927 Dat.
1172 3875 1256 3942 iungit
1282 3874 1341 3927 Tac.
1368 3905 1401 3913 -
1426 3874 1468 3929 20.
1493 3874 1527 3926 be·

414 3977 478 4019 rona
503 3967 545 4019 Fl.
572 3997 605 4004 -
630 3965 673 4017 21.
699 3966 838 4031 infastusq;
864 3965 894 4016 F.
921 3995 954 4002 -
979 3963 1022 4016 23.
1048 3964 1193 4030 promptius
1215 3960 1267 4014 affii
1285 3962 1316 4015 F.
1342 3994 1375 4001 —
1394 3962 1437 4018 26.
1462 3962 1527 4015 resia

413 4057 482 4143 terant
505 4092 536 4142 F.
565 4121 598 4127 -
624 4088 812 4160 reprehanlsis
835 4090 866 4140 F.
893 4120 925 4127 —
945 4088 988 4143 28.
1012 4089 1107 4140 ducum
1124 4088 1239 4140 Freiasla.
1259 4086 1371 4159 quolcsr
1388 4088 1411 4139 F
1430 4103 1527 4140 snorum

413 4180 532 4231 Doederl.
