3409 4909
282 458 307 507 p.
326 442 374 493 Ch.
396 442 442 509 69)
615 459 843 503 rrrsronrsnuu
865 442 921 503 IV.
945 443 1071 506 17-19.
1346 442 1403 506 167

326 629 368 689 At
396 628 530 690 Flaccus
559 628 765 689 Hordeonius
793 629 915 709 primos
941 629 1054 691 Civilis
1080 633 1214 691 conatus
1236 649 1293 709 per
1313 629 1404 691 dissi·

294 725 497 787 mulationem
525 726 622 787 aluit:
651 726 708 788 ubi
736 733 922 807 expugnata
949 733 1068 805 castra,
1098 726 1219 789 deletas
1240 726 1402 803 cohorteS,

298 822 417 901 pulsum
445 824 642 885 Batavorum
669 824 776 885 insula
803 826 988 886 Romanurn
1017 845 1137 886 nornen
1156 824 1276 904 trepidi
1296 824 1404 885 nuntii

303 920 487 1000 adferebant,
509 923 661 983 Munium
674 923 858 1003 Lupercum
873 923 1015 1001 legatum
1030 923 1071 1001 (is
1086 923 1224 983 duarum
1239 922 1403 999 legionum

281 1017 428 1082 thibemis
456 1023 614 1101 praeerat)
643 1021 749 1098 egredi
775 1021 930 1083 adversus
957 1021 1084 1082 hostem
1112 1021 1210 1083 iubet.
1239 1022 1403 1099 Lupercus

306 1115 473 1194 legionarios
502 1138 519 1179 e
546 1118 783 1198 praesentibus,
816 1118 917 1180 Ubios
945 1138 962 1180 e
989 1120 1160 1198 proximis,
1192 1120 1403 1180 Treverorum

310 1215 408 1294 equites
435 1216 524 1277 haud
551 1216 645 1294 longe
673 1217 795 1294 agentis
817 1218 935 1295 raptim
957 1217 1151 1292 transmisit,
1178 1217 1290 1278 addita
1310 1218 1403 1278 Bata·

261 1311 268 1382 ἰ
312 1331 400 1374 vorum
425 1314 492 1392 ala,
521 1334 604 1394 quae
625 1314 690 1375 iam
712 1314 838 1394 pridem
860 1319 1011 1393 corrupta
1031 1314 1129 1375 fidem
1150 1314 1341 1391 simulabat,
1367 1320 1403 1375 ut

261 1401 263 1408 ’
312 1412 419 1487 proditis
447 1414 481 1474 in
509 1413 579 1491 ipsa
595 1412 666 1473 acie
688 1413 843 1474 Romanis
865 1413 985 1474 maiore
1006 1413 1109 1493 pretio
1131 1412 1261 1490 fugeret.
1291 1412 1403 1473 Civilis

313 1515 453 1587 captarum
474 1511 657 1572 cohortium
676 1510 775 1588 signis
789 1510 1024 1589 circumdatus,
1046 1512 1095 1571 uti
1109 1531 1167 1572 suo
1183 1510 1280 1571 militi
1294 1529 1403 1571 recens

313 1604 388 1679 gloria
421 1614 494 1670 ante
529 1608 639 1669 oculos
670 1613 703 1670 et
734 1608 842 1669 hostes
873 1609 1030 1670 memoria
1060 1608 1161 1669 cladis
1192 1613 1401 1685 terrerentur,

313 1710 420 1766 matrem
442 1726 535 1767 suam
556 1725 757 1785 sororesque,
781 1705 879 1767 simul
894 1707 1040 1766 omnium
1056 1706 1206 1784 coniuges
1221 1725 1403 1785 parvosque

313 1796 401 1865 liberos
432 1806 603 1866 consistere
634 1824 653 1865 a
683 1809 771 1881 tergo
801 1803 907 1880 iubet,
939 1803 1143 1865 hortamenta
1171 1804 1323 1865 victoriae
1351 1803 1403 1865 vel

312 1898 389 1975 pulsis
401 1902 566 1982 pudorem.
588 1902 633 1963 Ut
647 1902 790 1964 virorum
806 1907 919 1979 cantu,
942 1901 1136 1962 feminarum
1151 1901 1280 1962 ululatu
1294 1902 1403 1962 sonuit

311 1995 385 2076 acies,
412 2019 618 2079 nequaquam
646 2019 704 2079 par
732 2018 751 2059 a
779 1998 959 2077 legionibus
987 1998 1237 2079 cohortibusque
1258 1999 1403 2060 redditur

310 2091 413 2158 damor.
443 2097 630 2158 Nudaverat
656 2097 824 2158 sinistrum
850 2117 950 2159 cornu
971 2098 1170 2159 Batavorum
1192 2096 1244 2157 ala
1263 2097 1403 2158 transfu-

308 2190 375 2266 giens
395 2195 569 2273 statimque
589 2195 624 2255 in
645 2214 703 2255 nos
724 2214 832 2273 versa3
862 2195 918 2256 sed
938 2195 1135 2272 legionarius
1156 2195 1265 2272 mileS,
1290 2214 1403 2274 quam·

307 2308 385 2367 quam
411 2292 506 2354 rebus
532 2292 682 2372 trepidis,
713 2294 1020 2373 arma'ordinesque
1041 2292 1215 2354 retinebat:
1244 2292 1402 2353 Ubiorum

305 2385 559 2471 Treverorumque
587 2390 726 2470 auxilia,
757 2391 851 2452 foeda
880 2391 955 2469 fuga
983 2392 1142 2471 dispersa,
1175 2392 1251 2452 totis
1280 2391 1402 2470 campis

303 2487 443 2564 palantur.
467 2489 551 2551 Illuc
571 2489 746 2551 incubuere
768 2490 938 2567 Germani;
961 2495 993 2551 et
1013 2490 1076 2551 fuit
1096 2490 1225 2550 interim
1247 2489 1402 2566 effugium

301 2581 463 2663 legionibus
483 2588 518 2648 in
539 2592 657 2665 castra,
685 2587 803 2667 quibus
825 2589 978 2649 Veterum
1001 2607 1120 2649 nomen
1141 2593 1197 2647 est.
1220 2586 1402 2647 Praefectus

259 2733 262 2744 .
298 2680 355 2745 alae
368 2684 564 2746 Batavorum
579 2683 734 2746 Claudius
749 2685 870 2764 Labe0,
888 2685 1052 2765 oppidano
1066 2685 1240 2746 certamine
1255 2683 1402 2745 aemulus

297 2779 395 2860 Civili,
423 2802 464 2844 ne
492 2782 678 2844 interfectus
700 2782 860 2845 invidiam
882 2783 970 2862 apud
991 2783 1163 2863 populares
1184 2781 1252 2858 vel,
1281 2782 1309 2842 si
1330 2781 1403 2842 reti·

294 2888 426 2959 ueretur,
458 2880 582 2942 semina
610 2880 788 2942 discordiae
816 2882 997 2960 praeberet,
1033 2882 1067 2941 in
1096 2881 1214 2941 Frisios
1243 2880 1401 2940 avehitur.

258 2967 277 3026 Β
326 2978 431 3039 Isdem
454 2978 567 3040 diebus
589 2978 786 3040 Batavorum
809 2984 840 3039 et
861 2978 1124 3040 Canninefatium
1143 2977 1305 3054 cohortes,
1328 2997 1403 3037 cum
1418 2989 1456 3049 19

289 3074 372 3137 iussu
401 3076 524 3137 Vitellii
550 3077 584 3136 in
612 3075 725 3136 urbem
754 3081 936 3155 pergerent,
965 3077 1083 3136 missus
1104 3095 1123 3135 a
1145 3076 1246 3136 Civile
1267 3076 1402 3135 nuntius
1412 3072 1437 3174 13
1446 3072 1487 3134 59,
1498 3071 1520 3121 Ι]

285 3173 479 3254 adsequitur.
502 3174 690 3235 Intumuere
711 3174 822 3234 statim
844 3173 995 3253 snperbia
1016 3174 1197 3252 ferociaque
1215 3177 1247 3233 et
1261 3174 1402 3253 pretium
1418 3144 1466 3263 ill
1484 3142 1520 3265 lig

283 3273 405 3334 itineris
426 3271 633 3351 donativum,
663 3272 786 3352 duplex
807 3272 1023 3351 stipendium,
1046 3272 1154 3349 augeri
1176 3272 1323 3351 equitum
1344 3291 1402 3331 nu-

279 3391 423 3449 merum,
462 3371 620 3451 promissa
658 3390 735 3431 sane
766 3390 785 3431 a
818 3370 965 3447 Vitellio,
1005 3369 1230 3449 postulabant,
1269 3389 1335 3429 non
1365 3375 1403 3430 ut

257 3470 548 3549 radsequerentur,
570 3467 626 3529 sed
648 3487 779 3529 causam
801 3467 967 3543 seditioni3
994 3473 1026 3529 et
1047 3468 1181 3528 Flaccus
1202 3468 1307 3528 multa
1329 3487 1402 3528 con-

274 3566 425 3631 cedendo
453 3565 536 3627 nihil
564 3564 654 3626 aliud
678 3566 843 3643 effecerat,
872 3585 972 3644 quam
993 3571 1030 3627 ut
1050 3566 1155 3626 acrius
1177 3570 1400 3645 exposcerent,

272 3758 444 3771 -.--

311 3894 335 3943 1.
362 3889 568 3941 dissimulatione
592 3888 655 3959 aluit
681 3887 714 3939 Fl
739 3889 867 3954 (deletum
890 3897 925 3939 est
944 3897 970 3939 ct
985 3907 1060 3955 super·
1078 3906 1093 3938 a
1112 3890 1232 3955 arripiatur
1252 3895 1296 3947 nr).
1325 3891 1400 3939 -11,

267 3980 370 4050 pretio]
398 3964 435 4030 iio
459 3979 489 4029 F.
520 4008 552 4015 —
579 3977 619 4031 10.
647 3995 779 4029 caesarum
804 3978 884 4045 Nrpp.
917 4008 947 4015 —
970 3980 1009 4029 11.
1039 3979 1128 4043 pulsus
1148 3978 1178 4027 F.
1209 4008 1241 4013 —
1264 3980 1303 4027 l.'›.
1333 3977 1400 4049 lqgi!

268 4070 331 4133 nib3
353 4065 392 4119 Fl
411 4097 445 4105 -
466 4067 507 4119 16.
532 4072 612 4117 cornil
630 4067 660 4117 F.
682 4096 714 4103 —
734 4065 776 4118 23.
797 4066 915 4135 Inuidial
938 4068 967 4117 F.
994 4097 1026 4103 —
1046 4065 1088 4118 95.
1114 4067 1225 4116 caunine
1243 4066 1307 4115 futiri
1326 4068 1347 4117 F
1367 4067 1401 4133 [ct

267 4158 371 4225 Canu]
393 4156 484 4207 Rura.
