3409 4909
332 454 372 517 70
756 474 896 517 connum
917 475 1028 518 racrrr
1299 464 1332 530 (a
1353 479 1377 512 u.
1398 461 1452 514 ‘2⁶28

333 660 450 717 magna
471 641 576 719 ipsam
597 641 700 719 fama,
722 642 870 703 Moesicis
893 644 1006 723 (curn)
1028 644 1128 723 copiis
1151 645 1276 706 adfore:
1298 650 1369 706 turn
1385 666 1453 707 rur-

334 757 388 798 sus
410 737 677 817 deliberaturum,
706 740 785 801 etsi
806 741 966 820 proelium
987 742 1176 820 placuisset,
1204 743 1307 804 auctis
1328 744 1452 805 viribus

280 836 319 897 33
333 840 518 897 certaturos.
541 836 723 898 Accedebat
744 838 922 900 sententiae
938 839 1066 899 Paulini
1081 839 1202 900 Marius
1216 840 1342 918 Celsus3
1365 840 1453 902 idem

192 929 193 935 ’
332 934 458 1014 placere
485 935 594 995 Annio
622 934 732 1025 Gallo,
761 955 882 1015 paucos
906 942 980 997 ante
1002 936 1070 997 dies
1091 936 1186 1017 lapsu
1208 938 1284 1017 equi
1305 938 1452 1017 adflicto,

334 1032 439 1108 missi,
468 1032 524 1111 qui
555 1034 728 1094 consilium
756 1026 824 1096 eius
852 1034 1105 1109 sciscitarentur,
1134 1035 1333 1097 rettulerant.
1366 1036 1490 1101 Othoo

334 1150 454 1210 pronus
482 1130 524 1191 ad
552 1130 797 1208 decertandum;
827 1131 925 1193 frater
952 1133 1021 1193 eius
1049 1133 1197 1201 Titianus
1220 1140 1251 1194 et
1271 1134 1453 1212 praefectus

333 1229 484 1307 praetorii
506 1229 677 1307 Proculus,
704 1229 867 1308 imperitia
887 1235 1112 1310 properantes,
1137 1230 1302 1292 fortunam
1324 1235 1356 1292 et
1377 1231 1454 1292 deos

335 1331 374 1387 et‘
393 1344 514 1387 numen
543 1327 680 1388 Othonis
706 1327 817 1388 adesse
844 1328 1003 1405 consiliis,
1032 1327 1141 1390 adfore
1167 1328 1336 1389 conatibus
1358 1333 1454 1390 testa-

334 1423 467 1501 bantur,
497 1444 559 1485 neu
587 1425 660 1504 quis
688 1424 818 1486 obviam
842 1425 888 1485 ire
910 1426 1087 1487 sententiae
1108 1425 1255 1504 auderet,
1285 1427 1320 1487 in
1341 1425 1454 1487 adula-

333 1522 456 1583 tionem
483 1527 713 1583 concesserant.
743 1524 920 1603 Postquam
941 1524 1077 1602 pugnari
1098 1522 1272 1603 placitum,
1300 1523 1455 1586 interesse
1477 1540 1510 1593 10

335 1639 461 1700 pugnae
495 1620 721 1699 imperatorem
753 1640 795 1681 an
826 1621 938 1700 seponi
969 1620 1086 1681 melius
1118 1620 1214 1699 foret,
1254 1621 1453 1683 dubitavere.

335 1718 471 1779 Paulino
510 1722 541 1778 et
579 1718 671 1780 Celso
706 1719 771 1779 iam
788 1739 869 1781 non
901 1718 1163 1796 adversantibus,
1202 1738 1242 1780 ne
1274 1719 1456 1799 principem

334 1816 494 1876 vobiectare
525 1816 675 1894 periculis
706 1816 906 1894 viderentur,
938 1816 1026 1878 idem
1057 1816 1106 1877 illi
1134 1815 1300 1877 deterioris
1328 1816 1456 1877 consilii

336 1920 482 1974 auctores
502 1913 686 1993 perpulere,
711 1919 748 1975 ut
768 1912 949 1975 Brixellum
970 1914 1159 1975 concederet
1178 1933 1215 1974 ac
1237 1913 1344 1974 dubiis
1366 1931 1456 1992 proe-

335 2011 454 2072 liorum
483 2018 653 2091 exemptus
677 2031 823 2073 summae
843 2032 952 2073 rerum
973 2017 1005 2072 et
1025 2012 1153 2090 imperii
1173 2030 1207 2071 se
1228 2010 1337 2090 ipsum
1357 2029 1456 2072 reser-
1480 2031 1509 2081 15

203 2098 259 2178 lug.
275 2100 319 2163 lor.
335 2115 433 2170 varet.
456 2110 488 2169 Is
510 2109 633 2189 primus
655 2110 722 2171 dies
744 2110 945 2172 Othonianas
965 2113 1072 2190 partes
1095 2108 1230 2169 adflixit.
1253 2109 1402 2187 Namque
1424 2112 1455 2169 et

216 2184 255 2226 Ν
269 2185 310 2228 ¹⁶⁹
337 2226 411 2267 cum
432 2207 503 2285 ipso
525 2208 757 2285 praetoriarum
778 2208 960 2269 cohortium
982 2212 1014 2268 et
1034 2206 1273 2286 speculatorum
1295 2206 1457 2286 equitum-

217 2291 220 2296 ¹
338 2324 400 2384 que
421 2303 529 2365 valida
550 2324 666 2365 manus
688 2304 847 2383 discessit,
871 2310 902 2366 et
922 2305 1160 2366 remanentium
1174 2304 1294 2365 fractus
1310 2304 1456 2380 animus,

338 2402 468 2482 quando
489 2403 629 2482 suspecti
651 2402 765 2480 duces,
787 2408 819 2464 et
840 2403 942 2480 Otho,
964 2403 1017 2463 eui
1030 2403 1089 2463 uni
1104 2400 1192 2480 apud
1207 2400 1345 2462 militem
1361 2400 1457 2479 fides,

337 2500 416 2561 dum
444 2505 476 2561 et
503 2500 572 2579 ipse
599 2520 665 2562 non
694 2501 757 2562 nisi
784 2500 944 2562 militibus
971 2498 1087 2576 credit,
1116 2500 1252 2579 imperia
1279 2499 1400 2560 ducum
1422 2500 1458 2559 in
1476 2517 1510 2570 ρο

337 2599 459 2659 incerto
480 2598 662 2676 reliquerat.

285 2703 324 2764 34
378 2696 469 2757 Nihil
490 2715 601 2757 eorum
620 2695 813 2758 Vitellianos
827 2694 976 2773 fallebat,
998 2694 1131 2771 crebris,
1153 2699 1190 2755 ut
1203 2694 1238 2755 in
1253 2693 1341 2756 civili
1355 2693 1457 2771 bello,

339 2794 540 2872 transfugiis,
569 2798 601 2855 et
621 2794 838 2874 exploratores
860 2812 937 2855 cura
958 2792 1085 2854 diversa
1106 2790 1290 2854 sciscitandi
1311 2811 1370 2852 sua
1391 2811 1458 2852 non

339 2891 553 2976 occultabant.
586 2891 694 2962 Quieti
721 2892 903 2971 intentique
931 2890 1068 2952 Caecina
1096 2910 1132 2951 ac
1160 2888 1297 2967 Valens,
1326 2889 1459 2967 quando

340 2990 441 3052 hostis
462 2989 670 3069 inprudentia
690 2994 811 3066 rueret,
834 2988 921 3068 quod
935 2988 1012 3076 loco
1034 2988 1210 3067 sapientiae
1232 2992 1295 3066 est,
1317 2987 1459 3048 alienam
1476 3006 1508 3057 ⁶25

340 3087 513 3149 stultitiam
550 3087 814 3166 opperiebantur,
852 3086 1003 3147 inchoato
1041 3090 1139 3165 ponte
1173 3085 1346 3145 transitum
1378 3084 1458 3145 Padi

340 3185 530 3247 simulantes
557 3184 710 3246 adversus
738 3184 920 3264 obpositam
944 3183 1159 3262 gladiatorum
1180 3202 1331 3261 manum,
1361 3202 1398 3243 ao
1418 3203 1459 3243 ne

340 3285 484 3362 ipsorum
523 3283 616 3344 miles
654 3302 747 3360 segne
779 3282 882 3343 otium
913 3286 1037 3343 tereret.
1074 3281 1180 3343 Naves
1211 3280 1281 3360 pari
1311 3280 1395 3341 inter
1426 3300 1459 3341 se

340 3382 461 3461 spatio,
500 3380 616 3443 validis
654 3380 817 3459 utrimque
847 3379 993 3441 trabibus
1024 3398 1180 3455 conexae,
1221 3376 1394 3438 adversum
1425 3378 1459 3438 in

340 3480 462 3541 flumen
490 3477 722 3556 dirigebantur,
750 3477 842 3538 iactis
870 3497 966 3556 super
994 3477 1134 3554 ancoris,
1162 3494 1244 3554 quae
1272 3475 1460 3537 firmitatem
1478 3496 1512 3549 30

341 3578 450 3658 pontis
476 3578 692 3653 continerent3
721 3574 776 3637 sed
798 3594 989 3637 ancorarum
1010 3574 1103 3636 funes
1123 3592 1189 3635 non
1210 3573 1333 3635 extenti
1353 3573 1460 3634 fluita-

379 3823 401 3871 1.
423 3837 517 3886 magna
534 3820 616 3886 ipsam
635 3820 705 3870 farno
723 3819 762 3882 G,
782 3835 902 3884 magnam
921 3818 1003 3883 ipsam
1021 3818 1118 3867 famam
1137 3817 1167 3867 F.
1188 3846 1221 3853 -
1240 3815 1369 3883 Moesicis]
1389 3816 1461 3867 sicF

342 3910 447 3977 reliquia
472 3910 531 3960 loeis
555 3908 687 3960 moesaicis
711 3909 733 3959 F
754 3925 812 3959 cum
832 3908 890 3958 add.
910 3907 981 3974 Lipa
1001 3907 1045 3957 sed
1063 3913 1120 3957 ante
1138 3906 1265 3958 Moesicis.
1292 3935 1325 3943 -
1344 3905 1370 3958 9.
1389 3905 1461 3957 audi-

342 4009 382 4051 ret
399 4000 429 4051 F.
449 4029 482 4037 -
504 4001 544 4052 15.
564 4008 663 4050 summa
675 3998 705 4049 F.
726 3998 884 4063 -imperiis
893 4000 917 4061 (s
926 3997 1008 4048 deleta
1018 3999 1064 4061 est)
1074 3996 1105 4047 F.
1126 4024 1158 4032 —
1171 3996 1211 4048 19.
1231 3994 1366 4046 etutotho
1377 3995 1406 4045 F.
1428 4023 1455 4031 --

343 4087 385 4141 20.
410 4089 436 4138 in
456 4089 525 4139 omis·
549 4088 580 4139 F.
609 4116 639 4124 -—
658 4086 701 4138 24.
725 4086 813 4153 quiet
831 4087 861 4137 F.
883 4116 915 4122 —
935 4085 977 4139 30.
997 4084 1115 4137 anchoris
1133 4084 1163 4136 F.
1184 4114 1217 4121 —
1235 4084 1358 4135 firmitate
1376 4083 1407 4134 F.
1427 4113 1461 4122 -

343 4179 386 4229 31.
406 4177 531 4227 achorarri
549 4177 579 4227 F.
600 4206 633 4214 —-
652 4175 752 4227 extensi
770 4174 805 4225 Fl
824 4177 895 4240 (corr.
915 4175 943 4224 in
961 4173 1077 4240 extenti).
