3409 4909
300 504 330 553 p.
350 485 397 536 ab.
417 485 463 552 69)
638 499 865 544 msroarnaun
886 481 948 541 III.
971 481 1099 543 84-86.
1367 480 1425 541 155

302 671 412 733 Flavii
438 670 550 732 Sabini
576 672 734 748 iacuerat,
763 672 941 751 propulere.
976 671 1048 731 Una
1075 689 1141 731 vox
1168 688 1234 730 non
1262 666 1425 745 degeneris

303 769 407 831 animi
428 774 579 849 excepta,
600 789 674 830 cum
695 769 827 831 tribuno
841 768 1013 830 insultanti
1028 787 1061 829 se
1075 772 1185 829 tamen
1200 768 1427 845 imperatorem

305 867 375 929 eius
395 868 493 929 fuisse
514 867 681 947 respondit
688 887 695 944 ;
721 887 758 928 ac
779 866 895 928 deinde
916 866 1048 943 ingestis
1071 865 1256 928 volneribus
1278 862 1426 925 concidit.

306 965 349 1026 Et
379 965 493 1042 volgus
524 965 637 1026 eadem
667 965 827 1043 pravitate
856 964 1075 1025 insectabatur
1107 962 1327 1039 interfectum,
1363 979 1427 1040 qua

266 1071 284 1123 5
306 1061 431 1123 foverat
451 1062 624 1123 viventem.

347 1159 455 1220 Patria
482 1158 531 1219 illi
558 1158 701 1221 Luceria.
730 1158 911 1237 Septimum
933 1164 964 1219 et
986 1156 1291 1237 quinquagesimum
1312 1154 1425 1216 aetatis
1441 1154 1472 1216 81

306 1276 431 1317 annum
458 1256 625 1335 explebat,
654 1256 860 1317 consulatum
888 1255 1082 1332 sacerdotia,
1110 1274 1230 1315 nomen
1254 1253 1427 1332 locumque

307 1354 391 1415 inter
417 1354 574 1433 primores
600 1353 692 1414 nulla
716 1372 775 1414 sua
796 1353 971 1431 industria,
1001 1352 1058 1414 sed
1079 1358 1195 1414 cuncta
1216 1353 1317 1431 patris
1338 1351 1428 1412 clari-

306 1451 421 1511 tudine
452 1449 598 1529 adeptus.
630 1451 852 1529 Principatum
883 1451 912 1511 ei
930 1449 1103 1530 detulere,
1136 1450 1192 1529 qui
1222 1450 1331 1527 ipsum
1362 1468 1428 1509 non

250 1558 287 1613 10
307 1552 481 1625 noverant;
503 1547 611 1609 studia
633 1548 791 1609 exercitus
812 1568 883 1609 raro
904 1549 1057 1628 cuiquam
1078 1548 1172 1609 bonis
1193 1547 1316 1608 artibus
1331 1565 1427 1626 quae·

306 1647 369 1707 sita
390 1645 522 1723 perinde
543 1645 674 1715 adfuere
694 1665 795 1725 quam
815 1646 891 1707 huIc
913 1666 969 1724 per
990 1647 1163 1724 ignaviam.
1189 1646 1298 1707 Inerat
1318 1645 1430 1706 tan'ren

306 1744 499 1824 simplicitas
520 1764 557 1805 ac
577 1743 769 1821 liberalitas;
798 1764 894 1824 quae,
919 1745 954 1805 ni
976 1745 1060 1806 adsit
1081 1744 1212 1821 moduS,
1235 1744 1269 1804 in
1291 1743 1429 1804 exitium

306 1846 486 1905 vertuntur.
516 1842 684 1903 Amicitias
707 1841 786 1903 dum
808 1843 1031 1920 magnitudine
1053 1862 1241 1919 munerum,
1266 1862 1333 1903 non
1354 1860 1427 1901 eon-

264 1960 267 1964 ·
307 1939 428 2001 stantia
456 1959 584 2001 morum
605 1940 762 2001 contineri
782 1946 892 2019 putat,
921 1942 1040 2002 meruit
1061 1941 1162 2018 magis
1183 1959 1282 2019 qnam
1304 1939 1427 2000 habuIt.

250 2049 286 2101 15
307 2038 366 2099 Rei
404 2037 559 2115 publicae
591 2037 680 2099 haud
717 2037 814 2098 dubie
845 2038 998 2100 intererat
1029 2038 1199 2100 Vitellium
1230 2038 1332 2115 vinci3
1371 2035 1428 2098 sed

307 2136 470 2215 imputare
495 2135 663 2215 perfidiam
691 2156 758 2197 non
779 2142 930 2216 possunt,
959 2137 1015 2216 qui
1037 2136 1207 2197 VItellium
1229 2136 1428 2215 Vespasiano

307 2233 493 2313 prodidere,
515 2253 630 2294 cuma
652 2233 755 2295 Galba
777 2234 996 2296 descivissent.

349 2331 521 2410 Praecipiti
540 2331 576 2391 in
596 2346 747 2392 occasum
767 2331 819 2393 die
840 2331 882 2393 ob
903 2351 1057 2411 pavorem
1074 2331 1325 2407 magistratuum
1340 2350 1429 2390 sena-

307 2435 496 2508 torumque,
528 2430 586 2508 qui
616 2428 735 2509 dilapsi
765 2449 806 2490 ex
836 2430 916 2490 urbe
948 2435 1004 2490 aut
1036 2449 1092 2508 per
1120 2428 1233 2489 domos
1261 2428 1428 2488 clientium

250 2536 289 2591 20
308 2532 412 2589 semet
431 2526 653 2605 occultabant,
675 2528 783 2588 vocari
803 2532 934 2588 senatus
955 2547 1021 2587 non
1042 2526 1157 2605 potuit.
1186 2525 1426 2602 DomItianum,

308 2630 483 2704 postquam
511 2624 595 2685 nihil
621 2624 737 2685 hostile
765 2625 985 2702 metuebatur,
1014 2624 1055 2684 ad
1077 2624 1174 2684 duces
1195 2623 1337 2701 partium
1358 2642 1430 2700 pro-

307 2742 454 2800 gressum
485 2726 517 2783 et
543 2722 713 2783 Caesarem
740 2722 980 2784 consalutatum
1009 2721 1102 2783 miles
1129 2721 1295 2800 frequens,
1328 2726 1428 2799 utque

308 2820 432 2882 eratin
453 2819 567 2897 armis,
588 2819 623 2879 in
644 2825 795 2898 paternos
816 2825 949 2899 penates
971 2818 1115 2880 deduxit.

346 3073 371 3122 4.
399 3072 528 3144 prauitate
550 3069 593 3121 F1.
622 3100 654 3107 —
675 3070 699 3123 6.
728 3070 812 3136 patria
842 3069 935 3121 Gutta·
964 3071 1074 3121 Luceria
1096 3069 1198 3121 Obarito
1216 3078 1289 3137 patre
1307 3071 1345 3121 illi
1365 3072 1429 3121 luce-

308 3160 348 3211 ria
366 3160 389 3211 F
407 3160 490 3225 (Suet.
510 3159 565 3211 Vit.
588 3158 637 3210 12.
657 3159 784 3209 Nucerina
802 3167 889 3210 actum
908 3160 996 3224 tradit,
1016 3160 1059 3209 scd
1079 3160 1149 3210 lectio
1160 3178 1247 3226 praua
1255 3160 1376 3218 uidetur).
1398 3188 1430 3196 —

309 3250 335 3303 9.
355 3249 414 3315 prin
427 3246 430 3318 l
442 3253 506 3315 patu
515 3248 545 3299 F.
558 3278 589 3286 -
601 3248 625 3299 ei
633 3247 748 3300 detulere
757 3248 839 3298 Rhea.
851 3248 907 3314 ejde
918 3248 1000 3298 tulere
1009 3247 1039 3298 F.
1062 3277 1092 3285 —
1106 3248 1146 3299 13.
1157 3248 1334 3313 magnitudine
1344 3246 1385 3297 Fl.
1399 3274 1431 3284 -

311 3340 353 3391 14.
378 3337 504 3389 contineri
522 3337 659 3388 Acidaliae
677 3337 808 3388 continere
826 3337 856 3387 F.
884 3368 917 3374 --
939 3338 978 3388 15.
1005 3336 1074 3387 uinci
1093 3338 1147 3387 edd.
1167 3354 1216 3403 aeq.
1237 3336 1327 3387 uicinis
1346 3336 1375 3386 F.
1396 3365 1430 3372 -

311 3427 353 3481 18.
381 3427 490 3494 precipit
515 3426 546 3477 F.
578 3456 609 3463 -
635 3424 677 3478 23.
703 3433 760 3492 post
786 3425 906 3476 deduxit:
933 3425 1096 3476 CORNELI
1121 3426 1190 3476 taciti
1216 3426 1294 3476 Liber
1317 3423 1432 3475 XVIIII

308 3516 417 3583 explicit
435 3515 531 3582 Incipit
548 3514 684 3566 uicesimus
703 3516 795 3582 (urbi-is
815 3514 921 3580 litteris).
