3409 4909
251 493 279 542 p.
300 474 349 526 Ch.
370 474 416 540 69)
587 489 815 532 maronianum
835 471 900 533 Ill.
924 470 1052 531 til—65.
1320 469 1376 529 141

254 665 294 721 ut
316 660 360 720 ad
380 659 540 738 proelium
560 660 704 720 intentus
726 663 938 736 ornatusque,
961 656 1068 717 densis
1089 656 1173 717 circa
1193 656 1280 717 viam
1296 655 1378 715 ordi-

254 757 354 818 nibus
384 756 560 817 adstiterat.
588 756 722 835 Accepti
748 756 783 817 in
812 755 956 816 medium
978 753 1162 831 Vitelliani,
1191 761 1223 815 et
1244 755 1378 814 circum-

256 856 352 916 datos
374 855 502 916 Primus
523 856 684 916 Antonius
706 854 880 915 elementer
900 852 1095 932 adloquitur.
1124 849 1201 912 Pars
1223 852 1377 928 Narniae,

256 972 332 1033 pars
355 953 560 1013 Interamnae
580 952 752 1014 subsistere
773 951 867 1028 iussi3
889 950 1018 1012 relictae
1040 949 1138 1010 simul
1159 969 1175 1010 e
1193 948 1378 1010 victricibus

213 1063 234 1115 5
256 1050 415 1128 legiones,
443 1069 547 1129 neque
575 1048 814 1127 quiescentibus
839 1067 951 1126 graves
979 1053 1011 1109 et
1039 1046 1191 1107 adversus
1212 1051 1378 1108 contuma-

257 1147 342 1208 ciam
370 1146 506 1208 validae.
535 1147 608 1207 Non
636 1147 771 1207 omisere
798 1165 855 1225 per
883 1165 936 1206 eos
965 1144 1032 1205 dies
1060 1144 1187 1205 Primus
1216 1163 1252 1204 ac
1274 1144 1378 1205 Varus

257 1244 376 1306 crebris
404 1244 528 1305 nuntiis
557 1244 695 1305 salutem
723 1249 755 1305 et
782 1243 954 1322 pecuniam
983 1248 1014 1303 et
1041 1246 1161 1303 secreta
1182 1241 1391 1320 Campaniae¹

256 1341 370 1402 offerre
392 1340 539 1415 Vitellio,
561 1342 589 1401 si
609 1341 723 1420 positis
745 1341 843 1401 armis
865 1359 962 1418 seque
983 1360 1020 1400 ac
1038 1339 1154 1400 liberos
1169 1358 1243 1401 suos
1259 1339 1378 1418 Vespa-

256 1440 349 1500 siano
370 1439 576 1518 permisisset.
598 1440 638 1499 In
660 1439 799 1500 eundem
813 1438 949 1499 modum
965 1445 996 1499 et
1010 1437 1181 1499 Mucianus
1196 1438 1379 1515 composuit

199 1549 239 1604 10
257 1536 431 1616 epistulas,
460 1536 578 1616 quibus
606 1536 797 1616 plerumque
826 1536 923 1597 fidere
951 1536 1102 1597 Vitellius
1124 1555 1161 1596 ae
1182 1535 1222 1596 de
1243 1555 1378 1596 numero

256 1654 440 1712 servorum,
470 1634 624 1696 electione
651 1634 783 1696 litorum
807 1633 908 1713 loqui.
937 1634 1041 1695 'lanta
1062 1633 1196 1712 torpedo
1218 1633 1379 1694 invaserat

256 1733 421 1809 animum,
452 1737 505 1810 ut,
538 1733 565 1793 si
596 1733 775 1811 principem
807 1752 882 1793 eum
914 1732 1012 1792 fuisse
1044 1731 1139 1792 ceteri
1171 1750 1237 1793 non
1267 1731 1378 1791 memi-

257 1832 399 1909 nissent,
420 1831 489 1909 ipse
510 1831 759 1892 oblivisceretur.

298 1931 343 1989 At
367 1930 523 2008 primores
544 1930 685 1989 civitatis
699 1929 850 1989 Flavium
866 1928 1038 2004 Sabinum,
1060 1927 1259 2006 praefectum
1273 1927 1378 2003 urbia,
1394 1930 1432 1989 64

199 2041 237 2093 15
256 2027 387 2088 secretis
429 2027 630 2087 sermonibus
668 2026 863 2105 incitabant,
904 2027 1046 2087 victoriae
1071 2026 1233 2103 famaeque
1259 2034 1380 2103 partem

256 2134 425 2204 capesseret.
458 2126 529 2185 Esse
559 2126 610 2185 illi
638 2126 794 2203 propriam
825 2125 953 2185 militem
983 2124 1148 2183 cohortium
1177 2124 1378 2200 urbanarum,

256 2243 311 2283 aec
342 2223 500 2299 defuturas
535 2223 660 2301 eipilam
700 2224 843 2298 cobortes,
881 2222 1005 2282 servitia
1034 2222 1187 2300 ipsoram·
1223 2222 1378 2299 <aeream>

252 2320 417 2399 ,fortammt
438 2321 578 2398 partium
606 2328 632 2380 et
659 2321 763 2379 amaia
786 2339 886 2398 prona
906 2319 1071 2379 victoribus.
1093 2320 1140 2379 Ne
1160 2319 1295 2378 Antonio
1323 2319 1380 2378 Va-

256 2438 347 2497 roque
373 2419 408 2479 de
434 2419 532 2497 pluria
560 2418 732 2479 concederet.
761 2419 882 2478 Paucas
917 2418 1035 2478 Vitellio
1062 2417 1190 2476 cobortes
1213 2424 1240 2477 et
1259 2417 1380 2476 maestis

198 2526 238 2581 20
256 2517 393 2595 undiqae
412 2516 531 2577 nuntiis
552 2516 705 2595 trepidaa;
722 2517 832 2595 populi
851 2516 987 2576 mobilem
1008 2515 1161 2592 animam,
1183 2523 1209 2574 et
1230 2515 1257 2574 si
1278 2514 1381 2574 decem

258 2634 290 2675 ae
314 2613 514 2693 praebuisset,
546 2614 663 2673 easdem
692 2613 765 2673 illas
792 2614 983 2674 adulationes
1009 2633 1062 2691 pro
1097 2612 1279 2691 Vespasiano
1302 2612 1378 2689 fore.

258 2712 364 2790 Ipsam
402 2711 555 2771 Vitelliam
587 2731 625 2771 ae
650 2712 803 2790 prosperis
830 2711 951 2789 quidem
974 2731 1095 2789 parem,
1128 2710 1201 2770 adeo
1228 2710 1379 2770 ruentibus

253 2810 457 2881 debilitatam.
488 2809 631 2870 Gratiam
653 2810 774 2887 patrati
801 2810 869 2869 belli
886 2828 976 2888 perrea
997 2829 1077 2886 eum,
1107 2809 1160 2886 qai
1179 2808 1279 2868 arbem
1300 2828 1379 2868 oreu-

254 2916 366 2988 pasaet.
394 2908 435 2968 Id
460 2907 570 2968 Sabino
591 2908 758 2983 arramire,
786 2916 820 2967 at
841 2907 1005 2985 imperium
1021 2906 1120 2983 fratri
1140 2914 1317 2980 reservaret,
1345 2906 1380 2965 id

201 3016 238 3072 25
266 2991 463 3084 Vespasiano,
483 3013 518 3064 at
538 3005 624 3065 ceteri
641 3013 710 3083 post
731 3004 880 3065 Sabinam
901 3004 1085 3064 haberentur.
1113 3003 1379 3082 Haudquaquam
1394 3006 1432 3066 65

259 3108 365 3164 erecto
392 3102 502 3163 animo
529 3121 582 3162 eas
610 3121 704 3162 voces
732 3101 925 3180 accipiebat,
958 3087 1121 3161 invalidus
1150 3106 1293 3160 senecta:
1324 3099 1380 3160 sed

259 3206 367 3278 erant,
388 3201 444 3280 qui
466 3200 599 3261 occultis
621 3200 859 3279 suspicionibus
880 3199 1086 3276 incesserent,
1108 3203 1277 3277 tamquam
1298 3197 1379 3258 inri-

259 3298 315 3359 dia
350 3304 382 3358 et
416 3297 631 3358 aemulatione
666 3297 830 3357 fortunam
865 3296 971 3356 fratris
1006 3302 1191 3356 moraretur.
1232 3296 1380 3374 Namque

260 3396 395 3457 Flavius
426 3394 565 3455 Sabinus
596 3398 700 3455 aetate
731 3394 818 3473 prior
845 3394 980 3473 privatis
1007 3394 1174 3473 utriusque
1203 3393 1297 3454 rebus
1326 3413 1380 3453 au·

258 3597 419 3606 ——

298 3732 321 3781 1.
351 3737 489 3798 ornatusq;
508 3730 535 3779 ia
559 3747 606 3796 mp.
633 3736 747 3779 armatus
771 3729 801 3779 F.
831 3758 863 3765 -
884 3726 908 3778 2.
938 3728 1073 3779 adsisteret
1092 3727 1114 3777 F
1134 3729 1162 3793 es.
1183 3744 1203 3777 c.
1223 3725 1256 3778 8³2
1276 3728 1338 3776 med.
1359 3734 1381 3776 ct

259 3821 328 3887 iasra
355 3820 380 3871 5.
409 3848 442 3855 -
469 3819 494 3869 4.
524 3818 658 3869 substitere
685 3818 716 3868 F.
746 3846 779 3854 -
809 3818 849 3867 lt.
880 3815 1019 3885 <uersam>
1045 3816 1141 3865 ioanni
1164 3816 1192 3881 cf.
1218 3815 1254 3865 ΙΙ.
1281 3816 1316 3865 54
1341 3817 1379 3881 (p.

259 3907 359 3974 8024).
388 3937 421 3945 -
440 3906 483 3959 24.
509 3907 635 3959 reseruari
660 3924 721 3958 carr.
746 3906 773 3956 ia
796 3913 939 3957 reseruaret
957 3906 979 3955 F
997 3912 1122 3956 reseraret
1140 3904 1226 3955 Jacob.
1246 3904 1326 3971 Nipp.
1347 3934 1380 3941 -

259 3996 303 4051 26.
332 3998 360 4047 in
387 3997 410 4047 F
434 4004 492 4063 poet
518 4004 619 4047 senecta
646 4013 690 4047 seu
720 3996 817 4045 babuto
842 3996 928 4045 ordine
951 4002 1089 4061 sequamur
1112 3994 1241 4044 ferebatur
1266 3994 1381 4044 lecticula

260 4088 290 4155 (e.
321 4087 369 4150 67,
392 4103 420 4152 p.
450 4085 557 4150 tlara)
581 4103 660 4151 eraque
685 4086 719 4135 ad
744 4085 770 4134 in
795 4083 950 4149 Capitolium
976 4083 1066 4133 accinit
1091 4085 1122 4144 (e.
1149 4082 1197 4145 69,
1222 4100 1250 4148 p.
1278 4084 1379 4148 libb),

258 4174 370 4226 restituit
386 4174 497 4225 ordinem
506 4174 670 4225 Puteolanas.
691 4203 724 4210 —
738 4172 896 4236 sedHaasc,
917 4172 998 4223 Halm
1017 4188 1061 4222 seu
1071 4172 1101 4222 F.
1122 4202 1154 4209 —-
1165 4170 1208 4223 Ξῖ.
1228 4171 1331 4243 Inuidie
1350 4172 1379 4222 F.
