3409 4909
308 463 348 523 66
731 479 872 523 coannur
893 479 1004 522 mom
1279 466 1315 530 (a.
1334 482 1358 516 u.
1375 464 1418 519 8⁶22

308 654 428 710 temere
452 653 641 727 exurgentes
662 648 794 710 cedente
816 649 936 709 sensim
958 648 1050 710 Celso
1071 647 1200 727 longius
1222 650 1326 711 secuti
1345 649 1416 711 ultro

308 747 343 808 in
370 746 504 807 insidias
531 747 793 826 praecipitantur.
823 747 907 807 Nam
929 765 948 806 a
967 745 1123 807 lateribus
1144 746 1311 824 cohortes,
1336 748 1416 825 le'gio

309 863 388 905 num
409 843 543 906 adversa
564 843 668 922 frons,
690 849 722 905 et
742 844 850 906 subito
873 844 1020 905 discursu
1041 849 1129 921 terga
1151 844 1325 907 cinxerant
1343 845 1415 925 equi·

309 947 365 1003 tes.
394 942 528 1020 Signum
556 962 683 1022 pugnae
710 963 776 1004 non
805 943 917 1004 statim
944 962 964 1002 a
991 942 1145 1004 Suetonio
1167 942 1309 1004 Paulino
1329 942 1413 1023 pediti

309 1039 438 1102 datum:
466 1045 633 1102 cunctator
660 1046 791 1118 natura,
804 1061 807 1067 ·
820 1046 853 1103 et
877 1040 929 1101 cui
951 1043 1046 1101 cauta
1066 1039 1175 1119 potius
1197 1040 1334 1101 consilia
1353 1058 1434 1112 cuni

308 1137 432 1199 ratione
458 1157 557 1218 quam
586 1157 738 1218 prospera
765 1158 806 1200 ex
827 1158 904 1199 casu
925 1138 1103 1218 placerent,
1132 1137 1291 1217 compleri
1311 1137 1411 1214 fossas,

309 1237 425 1316 aperiri
461 1255 630 1316 campum,
668 1236 769 1316 pandi
800 1237 902 1298 aciem
934 1236 1081 1313 iubebat,
1119 1235 1198 1297 satis
1231 1237 1296 1298 cito
1329 1235 1411 1315 incipi

309 1334 477 1395 victoriam
508 1338 613 1413 ratus,
644 1333 700 1396 ubi
731 1335 898 1415 provisum
928 1334 1025 1412 foret,
1057 1352 1098 1394 ne
1128 1334 1343 1395 vincerentur.
1375 1332 1411 1393 n

309 1432 513 1493 cunctatione
540 1434 682 1511 spatium
711 1432 895 1493 Vitellianis
923 1432 1037 1494 datum
1065 1431 1099 1492 in
1123 1432 1237 1493 vineas
1258 1451 1345 1493 nexu
1362 1435 1410 1491 tra·

310 1525 430 1591 ducuin
459 1530 633 1610 impeditas
663 1530 857 1608 refugiendi:
890 1535 922 1591 et
948 1529 1077 1591 modica
1104 1529 1187 1591 silva
1216 1528 1410 1605 adhaerebat;

309 1626 395 1688 unde
432 1646 541 1688 rursus
578 1628 648 1689 ausi
679 1628 940 1708 promptissimos
970 1628 1249 1707 praetorianorum
1281 1627 1410 1706 equitum

308 1724 501 1785 interfecere.
531 1725 724 1787 Volneratur
750 1721 809 1786 rex
832 1726 1035 1806 Epiphanes,
1063 1725 1200 1805 impigre
1221 1744 1281 1804 pro
1303 1724 1411 1787 Othone

257 1830 295 1888 26
309 1841 451 1901 pugnam.
478 1823 573 1883 ciens.
603 1822 687 1882 Tum
715 1823 919 1884 Othonianus
947 1822 1044 1902 pedes
1068 1823 1182 1902 erupit.
1212 1822 1351 1885 Protrita
1367 1821 1411 1881 ho

309 1919 408 1980 stium
436 1920 502 1980 acie
530 1920 613 1981 versi
640 1920 675 1979 in
701 1919 828 1998 fugam,
857 1920 954 1982 etiam
982 1920 1040 2000 qui
1067 1920 1312 1983 subveniebant.
1343 1919 1410 1981 Nam

309 2016 447 2077 Caecina
473 2036 539 2077 non
566 2018 665 2078 simul
694 2018 856 2095 cohortes,
885 2017 941 2079 sed
970 2017 1112 2096 singulas
1141 2018 1303 2081 acciverat
1310 2038 1317 2096 3
1344 2033 1409 2097 quae

309 2133 358 2174 res
372 2114 407 2174 in
420 2113 542 2192 proelio
557 2113 806 2194 trepidationem
820 2116 929 2193 auxit,
951 2133 1026 2176 cum
1041 2115 1202 2194 dispersos
1215 2134 1277 2176 nec
1291 2131 1408 2195 usquam

310 2210 434 2273 validos
455 2232 556 2291 pavor
575 2212 769 2291 fugientium
790 2213 957 2292 abriperet.
981 2214 1059 2275 Orta
1073 2217 1105 2274 et
1117 2214 1153 2273 in
1167 2213 1283 2275 cast-ris
1297 2211 1407 2287 seditio,

309 2310 396 2388 quod
417 2329 484 2370 non
505 2311 646 2372 universi
668 2311 875 2373 ducerentur:
897 2312 1026 2374 vinctus
1047 2310 1227 2391 praefectus
1249 2317 1408 2373 castrorum

310 2406 413 2469 Iulius
453 2408 587 2485 Gratus,
625 2414 794 2488 tamquam
831 2409 923 2470 fratri
957 2408 1046 2488 apud
1078 2409 1240 2471 Othonem
1273 2404 1408 2469 militanti

309 2504 523 2584 proditionem
553 2510 673 2584 ageret,
702 2525 777 2567 cum
805 2506 937 2569 fratrem
965 2508 1049 2585 eius,
1077 2507 1201 2568 Iulium
1229 2508 1408 2568 Frontonem

308 2602 492 2680 tribunum,
515 2603 690 2664 Othoniani
712 2604 772 2665 sub
786 2603 900 2665 eodem
914 2604 1048 2665 crimine
1063 2604 1253 2666 vinxissent.
1277 2604 1407 2666 Ceterum

310 2720 347 2762 ea
374 2701 494 2781 ubique
521 2700 660 2774 formido
685 2701 748 2762 fuit
768 2702 856 2780 apud
877 2702 1034 2780 fugientes
1056 2706 1276 2779 occursantes,
1305 2703 1338 2762 in
1356 2697 1408 2761 acic

309 2818 367 2877 pro
382 2799 484 2876 vallo,
506 2804 543 2861 ut
557 2798 655 2861 deleri
671 2820 745 2861 oum
760 2801 911 2861 universo
926 2800 1068 2861 exercitu
1083 2799 1255 2861 Caecinam
1271 2799 1410 2879 potuisse,

309 2897 343 2955 ni
365 2896 537 2958 Suetonius
558 2897 714 2958 Paulinus
735 2898 878 2976 receptui
900 2897 1081 2975 cecinisset,
1108 2897 1255 2977 utrisque
1275 2897 1310 2958 in
1330 2891 1414 2977 parti·

309 2993 369 3054 bus
407 2994 645 3072 percrebruerit.
684 2995 843 3057 Timuisse
883 3014 915 3056 se
960 2994 1116 3056 Paulinus
1147 2994 1270 3056 ferebat
1299 2995 1448 3056 tantuml

309 3092 441 3170 insuper
461 3092 579 3153 laboris
601 3097 699 3172 atque
719 3093 859 3170 itineris,
888 3112 930 3154 ne
953 3092 1145 3153 Vitellianus
1165 3092 1261 3153 miles
1282 3108 1385 3153 recens
1400 3103 1426 3145 θ

310 3190 421 3251 castris
450 3190 548 3251 fessos
577 3190 801 3268 adgrederetur
830 3196 862 3252 et
889 3189 1044 3270 perculsis
1072 3189 1201 3251 nullum
1222 3195 1307 3253 retro
1327 3187 1432 3253 suni·

309 3286 401 3348 dium
429 3288 518 3349 foret.
548 3288 645 3367 Apud
674 3308 793 3367 paucos
822 3307 861 3349 ea
887 3289 978 3350 ducis
999 3289 1081 3351 ratio
1102 3288 1239 3367 probata
1259 3290 1295 3350 in
1315 3287 1440 3366 volguS

310 3384 443 3447 adverso
464 3405 592 3446 rumore
612 3386 682 3446 fuit.

257 3497 294 3559 27
350 3485 450 3546 Haud
472 3485 606 3564 proinde
627 3485 662 3545 id
683 3485 841 3546 damnum
864 3484 1055 3545 Vitellianos
1076 3484 1110 3544 in
1131 3489 1258 3545 metum
1271 3473 1448 3563 compulit

310 3603 410 3662 quarn
432 3582 474 3643 ad
495 3582 689 3644 modestiam
711 3583 908 3662 composuit;
932 3601 989 3643 nec
1011 3582 1117 3642 solum
1137 3581 1225 3661 apud
1240 3580 1415 3642 Caecinam
1434 3609 1448 3632 ι

309 3680 366 3760 qui
404 3680 536 3759 culpam
566 3681 600 3740 in
631 3680 769 3741 militem
800 3679 985 3741 conferebat
1016 3678 1166 3740 seditioni
1196 3679 1300 3757 magis
1330 3682 1448 3759 quari)

309 3778 431 3858 proelio
459 3783 625 3856 paratum:
655 3777 748 3838 Fabii
776 3796 905 3857 quoque
934 3775 1081 3837 Valentis
1107 3776 1218 3857 copiae
1240 3776 1321 3855 (iam
1341 3774 1443 3837 enirn

346 4006 369 4055 l.
394 4001 536 4073 ceduntle.
562 4003 592 4053 F.
619 4033 652 4039 -
672 4003 696 4055 3.
722 4002 838 4053 cinxerat
858 4001 887 4060 F.
914 4030 946 4037 -
968 4002 1008 4053 15.
1033 4017 1085 4052 non
1108 3996 1235 4069 (omnes)
1254 3998 1332 4050 simul
1348 3996 1430 4059 Play‘

308 4111 372 4161 pere.
401 4122 434 4129 -
462 4091 505 4144 25.
533 4091 690 4157 percrebruit
719 4092 750 4142 F.
779 4121 812 4127 —
840 4089 883 4141 27.
912 4089 1060 4155 periculosis
1087 4089 1117 4140 F.
1132 4085 1134 4089 ’
1147 4118 1180 4125 -
1205 4086 1247 4141 30.
1272 4071 1424 4155 proindeF

308 4181 415 4249 perinde
434 4180 473 4244 G,
492 4180 583 4231 Ritter.
