3409 4909
239 470 265 520 p.
284 452 333 503 ch.
353 453 401 517 69)
592 469 819 513 srsroamncu
841 452 905 515 ΙΙΙ.
929 455 1016 517 4-7.
1306 455 1363 515 109

240 637 464 716 occupandam
493 638 597 717 ripam
623 639 706 700 Aeni
727 639 889 717 fluminis,
918 639 1006 718 quod
1027 640 1144 702 Raetos
1166 641 1363 721 Noricosque

239 734 413 814 interfluit,
440 736 569 797 missus.
597 737 663 798 Nec
692 737 742 797 his
764 741 822 797 aut
842 737 907 797 illis
929 738 1088 816 proelium
1110 739 1361 817 temptantibus,

239 832 371 894 fortuna
391 834 535 913 partium
557 834 635 895 alibi
656 839 827 895 transacta.

278 931 424 991 Antonio
454 932 639 993 vexillarios
670 952 687 992 e
715 931 903 994 cohortibus
931 938 962 993 et
991 939 1116 1013 partem
1145 935 1292 1013 equitum
1321 934 1395 994 adss

207 1042 222 1095 5
239 1028 459 1090 invadendam
480 1030 612 1091 Italiam
632 1031 774 1109 rapienti·
792 1051 899 1093 comes
921 1031 983 1092 fuit
1004 1033 1117 1093 Arrius
1140 1033 1260 1109 Varus,
1286 1039 1362 1094 stre-
1471 1033 1476 1054 '

239 1144 326 1187 nuus
352 1125 455 1204 bello;
485 1146 584 1204 quarn
611 1127 746 1204 gloriam
775 1133 807 1189 et
832 1128 900 1189 dux
922 1128 1062 1190 Corbulo
1084 1134 1116 1190 et
1135 1150 1306 1210 prosperae
1328 1132 1361 1191 in

238 1223 395 1284 Armenia
422 1244 471 1285 res
498 1224 706 1286 addiderant:
736 1224 823 1286 idern
851 1227 980 1287 secretis
1008 1226 1097 1306 apud
1118 1228 1278 1289 Neronem
1300 1248 1362 1289 ser-

239 1322 393 1383 monibus
430 1322 591 1384 ferebatur
629 1323 821 1385 Corbulonis
861 1324 996 1385 virtutes
1031 1325 1236 1402 criminatus;
1275 1326 1362 1386 unde

238 1420 356 1481 infami
383 1421 486 1498 gratia
506 1422 650 1500 primum
672 1422 777 1502 pilum
798 1423 916 1502 adepto
937 1423 1022 1484 laeta
1043 1423 1085 1483 ad
1107 1442 1256 1501 praesens
1277 1424 1362 1484 male

190 1531 222 1586 10
238 1524 333 1597 parta
354 1538 432 1579 mox
452 1520 487 1579 in
508 1520 683 1600 perniciem
705 1525 836 1582 vertere.
860 1520 922 1581 Sed
944 1522 1071 1581 Primus
1093 1541 1129 1581 ac
1152 1522 1256 1582 Varus
1271 1540 1362 1582 occu-

238 1622 318 1696 pata
345 1616 496 1696 Aquileia
524 1620 619 1697 (per)
645 1619 795 1697 proxima
816 1638 964 1697 quaeque
985 1625 1017 1679 et
1039 1620 1183 1698 Opitergi
1204 1624 1236 1681 et
1257 1619 1360 1679 Altini

238 1713 334 1776 laetis
355 1715 472 1776 animis
494 1716 706 1794 accipiuntur.
729 1716 891 1777 Relictam
913 1717 1015 1776 Altini
1037 1717 1236 1796 praesidium
1251 1718 1361 1779 adver-

239 1831 295 1873 sus
307 1812 418 1874 classis
430 1813 627 1875 Ravennatis
636 1818 809 1893 (metum),
821 1814 969 1875 nondum
977 1814 1154 1876 defectione
1163 1816 1231 1877 eius
1240 1816 1360 1877 audita.

238 1910 323 1971 Inde
349 1911 520 1973 Patavium
540 1917 573 1973 et
592 1914 703 1973 Ateste
724 1911 872 1992 partibus
894 1912 1078 1973 adiunxere.
1101 1912 1174 1973 Illic
1196 1914 1361 1990 cognitum
1418 1974 1423 1985 ,

190 2024 219 2077 15
237 2009 297 2070 tris
331 2009 521 2071 Vitellianas
548 2010 695 2071 cohortes
723 2010 891 2089 alamque,
926 2010 978 2071 cui
1006 2009 1198 2072 Sebosianae
1226 2031 1360 2087 nomeu,

239 2106 281 2167 ad
311 2107 431 2168 Forum
459 2107 567 2168 Alieni
595 2113 693 2186 ponte
721 2108 832 2169 iuncto
861 2108 1051 2169 consedisse.
1084 2108 1210 2169 Placuit
1237 2110 1361 2171 occasio

238 2204 416 2266 invadendi
450 2205 643 2267 incuriosos:
682 2226 759 2266 nam
791 2206 825 2266 id
856 2225 986 2285 quoque
1017 2206 1237 2267 nuntiabatur.
1276 2208 1361 2267 Luce

238 2304 347 2382 prima
373 2302 513 2364 inermos
542 2303 711 2383 plerosque
740 2323 933 2383 oppressere.
966 2304 1188 2382 Praedictum,
1220 2310 1257 2365 ut
1284 2325 1361 2384 pau-

239 2401 285 2461 cis
314 2395 488 2462 inte‘rfectis
516 2406 636 2463 ceteros
660 2421 780 2480 pavore
801 2402 841 2461 ad
864 2402 1057 2462 mutandam
1079 2401 1176 2463 fidem
1198 2409 1346 2480 cogerent
1353 2425 1360 2481 3

190 2510 219 2566 20
238 2503 272 2559 et
306 2497 410 2576 fuere,
448 2499 504 2578 qui
535 2518 568 2560 se
600 2500 711 2560 statim
744 2499 912 2561 dederent:
954 2500 1062 2579 plures
1094 2500 1232 2580 abrupto
1263 2507 1361 2580 ponte

237 2596 375 2657 instanti
402 2596 488 2658 hosti
516 2598 603 2658 viam
632 2597 844 2658 abstulerunt.
876 2598 1013 2675 Volgata
1041 2599 1177 2659 victoria
1203 2599 1393 2677 principia?

236 2694 317 2755 belli
344 2693 521 2755 secundum
550 2695 723 2756 Flavianos
745 2694 837 2772 data,
863 2695 1003 2772 legiones
1025 2695 1163 2774 septima
1185 2695 1360 2772 Galbiana,

236 2792 335 2854 tertia
362 2791 487 2853 decima
515 2792 653 2854 Gemina
681 2813 756 2854 cum
785 2792 888 2854 Vedio
917 2793 1037 2872 Aquila
1062 2793 1167 2870 legato
1189 2793 1360 2853 Patavium

237 2890 360 2951 alacres
380 2890 529 2951 veniunt:
550 2890 596 2951 ibi
617 2891 713 2970 pauci
735 2890 803 2951 dies
825 2890 867 2951 ad
889 2891 1032 2970 requiem
1047 2890 1185 2969 sumpti,
1209 2896 1240 2951 et
1255 2890 1361 2950 Minu-

190 3002 219 3058 35
238 2987 309 3049 cius
340 2988 467 3065 Iustus,
497 2987 678 3067 praefectus
709 2994 889 3049 castrorum
917 2989 1050 3065 legionis
1079 2989 1251 3067 septimae,
1284 2990 1361 3068 quia

237 3083 412 3147 adductius
433 3105 531 3165 quam
553 3086 641 3147 civili
662 3086 747 3147 bello
768 3086 991 3166 imperitabat,
1014 3086 1199 3147 subtractus
1218 3087 1361 3148 militnm

236 3182 305 3243 irae
333 3182 374 3243 ad
402 3184 639 3263 Vespasianum
667 3185 786 3245 missus
813 3189 870 3246 est.
900 3184 1089 3245 Desiderato
1117 3183 1174 3245 diu
1196 3204 1244 3246 res
1266 3186 1361 3246 inter-

236 3282 419 3360 pretatione
439 3281 605 3361 gloriaque
627 3283 700 3361 <in>
722 3283 828 3343 maius
850 3282 1022 3362 accipitur,
1045 3287 1219 3361 postquam
1240 3284 1361 3344 Galbae

236 3378 395 3456 imagines
423 3378 583 3440 discordia
609 3384 793 3458 temporum
822 3379 993 3441 subversas
1020 3380 1054 3439 in
1083 3380 1234 3440 omnibus
1257 3382 1361 3440 muni-

190 3494 220 3548 ³0
238 3475 335 3556 cipiis
361 3476 458 3537 recoli
485 3477 579 3549 iussit
607 3478 783 3554 Antonius,
813 3478 966 3539 decorum
995 3497 1053 3557 pro
1082 3497 1180 3538 causa
1200 3483 1305 3550 ratus,
1334 3479 1360 3539 si

250 3713 299 3776 ⁴l.
328 3712 396 3764 Aeni
423 3713 504 3765 Rhea.
533 3713 607 3764 rheni
634 3714 664 3765 F.
695 3744 727 3751 —
755 3715 795 3769 10.
824 3723 915 3780 parata
938 3715 961 3765 F
986 3716 1048 3782 (dcl
1067 3718 1121 3780 est).
1152 3745 1184 3752 -
1206 3716 1246 3765 11.
1277 3712 1359 3782 (per)

237 3802 337 3855 Baiter.
367 3832 400 3839 —-
427 3802 467 3855 13.
497 3801 632 3871 <metum>
658 3803 747 3869 scripsi
773 3801 918 3873 <conatus>
947 3803 1085 3867 Heinisclq
1117 3803 1199 3854 Halm
1223 3801 1359 3873 <motum>

236 3891 319 3959 Nipp.
344 3892 450 3943 classem
474 3892 652 3942 Rauennatem
671 3892 727 3942 cdd.
746 3910 796 3959 aeq.
824 3921 856 3929 —
878 3892 918 3944 15.
945 3893 1063 3958 alanique
1083 3892 1096 3941 b
1115 3893 1155 3942 ala
1173 3893 1203 3943 F.
1231 3920 1263 3927 —
1284 3891 1361 3942 Sebo-

237 3980 327 4032 sianae
350 3980 431 4048 Nipp.
456 3980 610 4032 sebonianae
633 3981 663 4031 F.
693 4012 727 4018 --
754 3981 794 4033 18.
823 3998 944 4047 oppresse
969 3982 998 4032 F.
1030 4010 1061 4018 -
1086 3980 1129 4032 21.
1158 3989 1215 4047 post
1234 3981 1361 4047 principia

237 4068 321 4122 Halm
345 4086 400 4119 cam
424 4069 438 4119 b
461 4065 588 4138 p'rincipia
606 4070 636 4120 F.
666 4068 761 4122 —21-3.
791 4070 875 4120 Vedio
895 4070 977 4120 Rlcn.
997 4070 1072 4120 uideo
1092 4071 1121 4120 F.
1154 4100 1186 4107 -
1206 4070 1248 4121 24.
1277 4070 1360 4120 muni-

236 4159 291 4212 cius
310 4159 340 4211 F.
362 4189 394 4197 —
413 4158 456 4212 28.
475 4160 548 4231 gqu3
568 4159 589 4209 F
610 4190 642 4197 -
662 4161 688 4209 in
707 4160 777 4210 ornis.
798 4159 827 4210 F.
849 4189 882 4196 -
902 4158 944 4211 aa.
966 4160 1101 4225 municipis
1120 4160 1150 4210 F.
