3409 4909
290 463 348 523 160
715 480 855 523 consum
876 480 987 523 raom
1261 468 1295 529 (a.
1315 482 1340 515 u.
1359 464 1409 518 82⁶2

289 649 438 727 proprius
465 649 563 710 rubor
584 648 762 726 excitabat,
790 668 830 709 ne
852 648 924 709 aliia
945 647 1054 709 electis
1076 648 1283 728 posthabitus
1305 648 1408 710 crede

289 755 384 805 retur.
407 746 633 825 Paulatimque
654 765 711 825 per
731 745 974 807 altercationem
989 744 1029 805 ad
1045 746 1216 806 continuas
1231 751 1264 806 et
1278 746 1410 807 infestas

289 845 448 905 orationes
476 845 619 924 provecti
644 849 735 923 sunt,
764 849 937 924 quaerente
959 842 1130 921 Helvidio,
1158 844 1240 924 quid
1262 844 1309 905 ita
1330 845 1411 905 Mar-

289 941 388 1002 cellus
415 942 573 1003 iudicium
601 943 849 1019 magistratuum
876 946 1075 1021 pavesceret:
1103 961 1160 1003 esse
1179 942 1231 1002 itti
1249 943 1410 1020 pecuniam

288 1049 315 1099 et
341 1040 555 1118 eloquentiam,
584 1042 651 1119 creis
677 1041 788 1100 multos
814 1040 957 1118 anteiret,
985 1040 1020 1100 ni
1047 1040 1193 1101 memoria
1215 1040 1439 1119 flayitiarumb

289 1147 451 1215 irrueretur.
479 1137 562 1200 Sorte
586 1148 612 1199 et
631 1159 712 1199 urna
732 1159 827 1199 mares
845 1158 908 1199 non
929 1137 1072 1199 discerni:
1094 1138 1247 1217 suffraaia
1269 1148 1296 1200 et
1316 1138 1411 1199 eristi-

288 1236 451 1296 mationem
487 1246 606 1297 senatus
641 1245 772 1314 reperta,
810 1246 845 1297 ut
875 1236 909 1297 in
939 1235 1079 1315 cuiusque
1108 1237 1204 1297 uitam
1230 1236 1412 1316 famamque

284 1343 482 1412 penetrarent.
511 1334 663 1395 Pertinere
690 1334 732 1394 ad
757 1334 923 1395 utilitatem
950 1334 993 1395 rei
1016 1333 1171 1412 publicae,
1197 1335 1348 1413 pertinere
1371 1334 1411 1395 ad

296 1432 471 1510 Vespasiani
492 1433 645 1509 honorent,
667 1453 813 1493 occurrere
832 1432 898 1508 illi,
921 1453 991 1511 quos
1017 1432 1273 1494 innocentissimos
1293 1442 1412 1493 senatus

289 1530 408 1606 babeat,
450 1531 502 1609 qai
540 1531 667 1591 honestis
702 1530 884 1591 ternionibus
921 1549 1007 1590 aures
1043 1530 1234 1608 imperatoris
1272 1529 1410 1591 inbuant.
1427 1537 1451 1591 lb

288 1629 391 1690 Fuisse
421 1629 600 1707 Vespasiano
621 1628 792 1689 amicitiam
813 1648 880 1689 eum
906 1627 1036 1688 Tbrasea
1056 1627 1173 1689 Sorano
1193 1627 1313 1699 Sentio,·
1343 1648 1410 1707 quo·

288 1747 357 1787 rum
395 1735 576 1787 coamatores
611 1726 731 1786 etiamsi
760 1726 867 1804 puniri
898 1745 959 1786 non
990 1734 1137 1803 oporteat,
1175 1726 1323 1787 ostentari
1352 1746 1410 1787 aon

289 1824 395 1886 debere.
433 1825 500 1886 Hoc
529 1834 648 1885 senatus
676 1824 789 1885 iudicio
820 1825 900 1884 rebrat
931 1823 1089 1885 admoneri
1115 1824 1303 1902 principem,
1343 1844 1411 1903 quos

284 1922 400 2002 probet,
429 1943 501 2002 quos
523 1915 705 2001 reformidet.
732 1923 865 1983 Nullum
887 1922 988 1982 maius
1008 1921 1077 1982 boni
1097 1921 1210 2000 inperii
1229 1924 1409 1983 instrumen-

290 2030 353 2081 tum
373 2040 466 2098 quam
486 2019 574 2080 bonos
593 2021 704 2081 amicos
723 2040 787 2081 esse.
815 2019 898 2080 Satis
918 2019 1077 2097 Marcello,
1107 2019 1185 2097 quod
1206 2019 1360 2080 Neronem
1378 2019 1408 2079 iu
1424 2023 1447 2077 15

287 2119 411 2180 exitium
440 2128 480 2179 tot
499 2119 701 2180 innocentium
723 2118 885 2197 inpulerit:
902 2117 1056 2195 fricaretur
1074 2117 1220 2195 praemiis
1240 2127 1268 2178 et
1288 2118 1409 2197 inpuni-

256 2226 363 2290 8tate‚
399 2216 613 2295 Vespasianum
641 2216 814 2277 melioribus
833 2216 1020 2294 relinqueret.
1047 2215 1220 2276 Marcellus
1242 2235 1305 2276 non
1325 2236 1408 2277 suam

287 2315 463 2376 sententiam
490 2316 673 2393 tamqnam,
699 2315 748 2375 sed
774 2315 923 2376 consulam
950 2314 1142 2391 desiaaatum
1166 2314 1309 2375 cmsaisse
1331 2314 1407 2375 dice

288 2413 359 2490 bat,
388 2414 548 2473 acciendum
568 2423 664 2473 cetera
684 2414 833 2491 exempla,
855 2432 931 2491 quae
951 2420 1057 2472 sortem
1080 2410 1280 2489 teyationibus
1296 2412 1406 2490 posuis·

288 2521 364 2587 sent,
393 2532 429 2571 ne
460 2512 620 2572 ambitioni
647 2520 715 2582 aut¹
728 2511 901 2571 inimicitiis
929 2511 1008 2571 locus
1033 2509 1122 2586 soret.
1155 2509 1247 2569 Nibil
1273 2510 1403 2585 euenum,
1418 2511 1443 2565 90

288 2630 340 2671 cur
377 2610 546 2689 antiquitus
581 2610 723 2670 instituta
759 2610 946 2669 erubuerant
982 2617 1037 2667 aut
1071 2608 1221 2686 principis
1253 2608 1349 2670 bonor
1377 2609 1405 2668 in

288 2709 465 2787 cuiusquam
501 2707 714 2768 contumeliam
753 2715 927 2776 uerteretur;
967 2705 1095 2784 sufficere
1131 2724 1230 2766 ornnes
1267 2704 1404 2785 obsequio.

288 2807 329 2866 ld
355 2806 456 2883 mauis
481 2806 656 2883 uitandum,
683 2824 720 2865 ne
736 2803 905 2882 peruicacia
926 2803 1120 2881 qitorundam
1140 2802 1325 2863 inritaretur
1345 2802 1404 2863 ani·

288 2924 356 2964 mus
385 2924 458 2964 noco
484 2903 662 2982 principatu
693 2922 847 2979 suspensas
877 2910 905 2961 et
935 2901 1031 2961 cottus
1061 2920 1174 2979 quoque
1204 2920 1240 2961 ae
1267 2919 1405 2961 ammonet

288 3002 425 3061 omnium
451 3001 702 3078 circumspectans.
730 2999 768 3059 Se
794 2999 962 3059 meminisse
984 3008 1164 3077 temporum,
1193 2998 1301 3077 quibus
1321 2998 1443 3060 nutristi

288 3099 341 3175 sit,
370 3119 463 3177 quam.
486 3098 617 3159 ciuitatis
631 3097 769 3175 formam
786 3106 889 3174 patres
908 3096 1014 3174 auique
1034 3096 1237 3166 instituerint;
1266 3097 1404 3157 ulteriora

288 3196 413 3274 mirari,
431 3197 602 3275 praesentia
622 3196 719 3273 sequi·
739 3195 826 3255 bonos
846 3195 1039 3273 imperatores
1055 3203 1119 3255 uoto
1132 3204 1274 3273 eupatere,
1297 3194 1404 3274 quales·

288 3314 410 3372 cumque
449 3295 580 3355 tolerare.
618 3295 689 3353 Non
725 3293 825 3371 masis
862 3312 918 3353 sua
954 3291 1089 3352 oratione
1123 3291 1287 3352 Thraseam
1318 3309 1404 3371 quam

288 3393 400 3453 iudicio
421 3401 540 3452 senatus
560 3392 735 3471 adflictum:
762 3390 920 3452 saeuitiam
942 3389 1071 3450 Neronis
1087 3409 1143 3467 per
1164 3389 1314 3450 eiusmodi
1333 3390 1403 3449 ima*

286 3491 370 3569 aines
399 3491 551 3564 inlusisse,
578 3510 630 3551 nec
656 3489 758 3549 minus
785 3488 842 3549 sibi
863 3488 990 3548 anxiam
1013 3488 1103 3547 talem
1125 3487 1298 3549 amicitiam
1319 3504 1402 3566 quam
1416 3485 1441 3542 u

288 3589 360 3649 aliis
380 3588 512 3648 erilium.
535 3587 668 3665 Denique
689 3586 858 3647 constantia
874 3584 1059 3663 fortitudine
1083 3584 1245 3646 Catonibus
1262 3594 1288 3646 et
1306 3583 1404 3646 Brutis

288 3695 466 3764 aequaretur
492 3685 669 3745 Heluidius:
696 3705 724 3745 se
750 3704 847 3744 unum
876 3704 932 3744 esse
959 3704 991 3743 er
1017 3682 1072 3743 illo
1095 3690 1217 3760 senatu,
1246 3683 1300 3761 qui
1320 3678 1403 3743 simut

326 4003 347 4051 l.
367 4000 532 4050 crederentur
551 3998 592 4049 Fl.
614 4028 646 4036 —
668 4000 708 4049 ll.
729 3998 827 4065 Sentio]
848 4014 939 4047 seneca
958 3997 1012 4047 edd.
1033 4014 1082 4063 seq.
1102 3995 1198 4046 Anteio
1216 3996 1317 4046 mauult
1327 3994 1400 4045 Ram

288 4090 326 4139 cll.
347 4092 416 4139 alara
439 4090 523 4141 lull.
552 4118 583 4125 -
606 4089 645 4140 lli.
665 4088 815 4152 lnpunitatc
834 4086 904 4151 (slei.
926 4089 979 4150 cst).
999 4116 1032 4122 -
1055 4085 1094 4137 19.
1114 4078 1155 4137 seb
1173 4085 1203 4136 F.
1225 4113 1258 4123 -
1277 4082 1321 4135 24.
1340 4081 1400 4149 prin·

288 4180 375 4245 cipatu
395 4196 422 4228 ra
440 4177 563 4243 principis
583 4195 643 4227 carr.
