3409 4909
258 490 284 538 p.
305 471 353 523 Oh.
374 472 420 537 70)
601 488 829 531 ursromaaun
851 472 888 531 V.
912 472 1038 534 17-21.
1323 472 1380 533 225

258 657 365 718 tenuis
394 657 506 718 alveus
531 657 673 718 insulam
694 657 778 717 inter
799 658 1041 735 Germanosque
1063 658 1299 719 continentium
1321 663 1381 719 ter-

259 776 367 816 rarum
396 756 536 834 speciem
562 755 688 815 fecerat.
717 755 884 815 Transiere
905 754 1055 815 Rhenum
1077 755 1179 817 Tutor
1199 774 1328 834 quoque
1350 762 1381 817 et

259 854 420 931 Classicus
442 859 473 914 et
494 859 624 914 centum
647 853 801 915 tredecim
822 854 1035 914 Treverorum
1056 858 1233 929 senatores;
1255 853 1380 932 inquis

259 949 322 1010 fuit
344 949 494 1028 Alpinius
516 949 707 1029 Montanus,
736 969 832 1028 quem
855 970 874 1011 a
895 951 1002 1010 Primo
1024 951 1167 1012 Antonio
1188 952 1325 1011 missum
1346 951 1380 1011 in

221 1046 382 1115 5Gallias
421 1048 568 1126 superius
607 1048 873 1108 memoravimus:
916 1047 1132 1109 comitabatur
1171 1067 1245 1108 eum
1284 1049 1381 1109 frater
1398 1032 1450 1132 HJ·
1471 1032 1513 1095 35,

259 1144 298 1203 D.
328 1144 488 1221 Alpinius.
521 1145 626 1204 Simul
646 1146 742 1206 ceteri
764 1146 968 1206 miseratione
990 1165 1026 1205 ac
1048 1145 1142 1206 donis
1164 1146 1286 1206 auxilia
1307 1165 1381 1206 con·
1442 1139 1476 1154 '⁸
1507 1140 1513 1153 ⁸

260 1242 370 1302 cibant
403 1242 487 1303 inter
517 1248 626 1318 gentes
659 1242 876 1321 periculorum
909 1243 1029 1305 avidas.
1068 1244 1274 1323 Tantumque
1305 1244 1381 1304 belli
1397 1244 1436 1304 20

260 1340 434 1417 superfuit,
464 1347 500 1401 ut
524 1340 685 1419 praesidia
706 1341 888 1402 cohortium
911 1340 1037 1401 alarum
1058 1340 1220 1418 legionum
1242 1360 1308 1402 uno
1330 1340 1382 1401 die

260 1437 372 1498 Civilis
401 1437 633 1517 quadripertito
663 1440 831 1516 invaserit,
861 1438 1021 1501 decimam
1045 1438 1206 1516 ¹legionem
1230 1439 1381 1515 Arenaci,

206 1552 240 1606 10
260 1535 436 1595 secundam
473 1536 672 1597 Batavoduri
709 1542 741 1597 et
779 1537 916 1597 Grinnes
952 1536 1159 1614 Vadamque,
1199 1536 1381 1597 cohortium

260 1632 450 1712 alarumque
472 1640 591 1706 castra,
612 1635 659 1695 ita
680 1634 792 1696 divisis
811 1635 928 1714 copiis,
951 1640 987 1695 ut
1001 1635 1070 1713 ipse
1085 1639 1116 1695 et
1131 1635 1253 1711 Verax,
1276 1652 1382 1693 sorore

260 1730 329 1790 eius
356 1731 498 1810 genitus,
528 1732 753 1812 Classicusque
780 1752 817 1792 ac
845 1733 946 1792 Tutor
973 1751 1066 1792 suam
1088 1732 1225 1810 quisque
1247 1750 1381 1790 manum

259 1827 437 1903 traherent,
475 1849 534 1889 nec
572 1830 682 1890 omnia
717 1830 868 1909 patrandi
899 1828 1034 1903 fiducia,
1073 1828 1128 1890 sed
1160 1828 1264 1889 multa
1296 1828 1382 1887 ausis
1472 1841 1476 1848 ’

260 1925 370 2004 aliqua
401 1927 435 1986 in
467 1934 558 2006 parte
588 1928 752 1990 fortunam
785 1928 909 1989 adfore:
942 1926 1041 1988 simul
1072 1927 1245 2004 Cerialem,
1278 1944 1382 2005 neque

207 2043 240 2093 15
260 2024 337 2084 satis
359 2029 491 2084 cautum
513 2031 545 2086 et
565 2026 713 2104 pluribus
734 2026 858 2087 nuntiis
879 2024 943 2086 huc
964 2025 1042 2085 illuc
1064 2030 1263 2099 cursantem,
1289 2042 1382 2101 posse

259 2120 367 2182 medio
402 2123 559 2201 intercipi.
595 2124 720 2194 Quibus
755 2124 953 2194 obvenerant
988 2127 1091 2183 castra
1123 2122 1381 2197 decimanorum,

260 2218 536 2298 obpugnationem
568 2220 702 2298 legionis
734 2221 870 2281 arduam
902 2221 964 2282 rati
994 2239 1155 2298 egressum
1184 2220 1322 2279 militem
1351 2225 1382 2279 et

260 2315 431 2377 caedendis
469 2320 611 2379 materiis
651 2326 820 2399 operatum
858 2320 1043 2396 turbavere,
1084 2319 1188 2379 occiso
1222 2317 1382 2396 praefecto

260 2420 439 2476 castrorum
477 2423 509 2477 et
547 2418 691 2497 quinque
722 2418 917 2496 primoribus
948 2416 1174 2478 centurionum
1206 2416 1382 2493 paucisque

206 2528 242 2583 20
260 2512 435 2574 militibus:
464 2515 559 2575 ceteri
588 2535 621 2575 se
649 2515 862 2575 munimentis
886 2513 1064 2575 defendere.
1092 2513 1134 2574 Et
1155 2512 1284 2572 interim
1307 2511 1382 2572 Ger-

261 2629 432 2672 manorum
453 2631 570 2673 manus
584 2612 782 2673 Batavoduri
796 2613 1029 2690 interrumpere
1043 2610 1233 2670 inchoatum
1248 2616 1381 2687 pontem

261 2707 462 2769 nitebantur:
484 2709 673 2785 ambiguum
696 2708 854 2788 proelium
877 2728 943 2768 nox
964 2707 1102 2768 diremit.
1128 2707 1204 2766 Plus
1227 2706 1382 2766 discrimi-

260 2805 311 2864 nis
333 2805 421 2884 apud
443 2806 580 2867 Grinnes
601 2807 802 2885 Vadamque.
830 2806 957 2866 Vadam
980 2804 1107 2882 Civilis,
1137 2804 1274 2864 Grinnes
1296 2803 1382 2863 Clas·
1398 2812 1433 2871 21
1493 2806 1495 2809 ⁴

261 2904 346 2963 sicus
374 2903 621 2982 obpugnabant:
654 2924 713 2965 nec
738 2904 808 2965 sisti
835 2909 985 2983 poterant
1012 2903 1179 2964 interfecto
1208 2902 1382 2963 fortissimo

207 3017 242 3069 25
262 3021 407 3080 quoque3
445 3002 480 3062 in
510 3003 583 3081 quis
616 3003 834 3079 Briganticus,
872 3002 1052 3080 praefectus
1085 2999 1170 3077 alae,
1209 2998 1382 3078 ceciderat,
1434 3064 1435 3068 ,

261 3118 359 3177 quem
387 3098 490 3159 fidum
514 3100 669 3160 Romanis
691 3106 722 3160 et
744 3098 839 3160 Civili
861 3098 1023 3160 avunculo
1045 3098 1207 3158 infensum
1229 3097 1381 3157 diximus.

262 3195 325 3256 Sed
346 3196 402 3256 ubi
424 3196 555 3257 Cerialis
577 3217 651 3257 curn
674 3198 797 3257 delecta
818 3197 966 3275 equitum
987 3215 1088 3256 manu
1103 3195 1268 3272 subvenit,
1290 3214 1382 3255 versa
1400 3183 1448 3234 IV·
1474 3186 1516 3252 70,

261 3293 408 3354 fortuna:
440 3295 630 3374 praecipites
663 3294 815 3355 Germani
846 3294 881 3355 in
912 3313 1041 3354 amnem
1074 3298 1221 3369 aguntur.
1254 3291 1381 3368 Civilis,
1408 3271 1506 3381 1122·

262 3390 342 3452 dum
364 3390 521 3468 fugientes
542 3398 696 3469 retentat,
719 3392 846 3468 agnitus
868 3392 1053 3470 petitusque
1075 3390 1147 3452 telis
1168 3389 1279 3450 relicto
1300 3408 1382 3469 equo

207 3507 244 3561 30
262 3490 452 3566 tranatavit;
485 3489 572 3550 idem
605 3490 717 3550 Veraci
750 3489 921 3566 effugium:
954 3489 1107 3549 Tutorem
1140 3487 1382 3564 Classicumque

298 3760 322 3811 3.
351 3765 427 3809 centu
451 3760 495 3826 xiij
521 3760 551 3810 F.
580 3791 614 3797 -
633 3758 657 3812 8.
683 3760 784 3825 legione
803 3757 888 3808 medie
906 3758 936 3808 F.
966 3787 998 3794 -
1018 3757 1042 3808 9.
1073 3755 1261 3821 quadripertito
1280 3755 1384 3805 Ernesti

261 3848 451 3914 ‹prradripertita
470 3849 499 3899 F.
518 3876 554 3885 —
577 3849 617 3898 11.
639 3848 715 3898 diuisi
733 3848 763 3899 F.
785 3876 815 3885 —
839 3847 879 3898 13.
901 3846 1014 3896 traheret
1033 3845 1063 3895 F.
1085 3872 1117 3882 -
1139 3844 1178 3896 15.
1199 3843 1280 3909 pluris
1298 3844 1328 3893 F.
1351 3873 1381 3879 -

261 3936 305 3988 20.
330 3936 420 3987 ceteris
438 3936 574 3987 eminentis
592 3936 615 3986 F
633 3943 658 3986 et
677 3936 731 3986 cdd.
750 3953 799 4002 aeq.
812 3965 845 3972 -
856 3935 910 3985 aF.
932 3964 964 3971 -
975 3932 1017 3984 21.
1037 3933 1226 3998 interrumpere
1239 3932 1284 3982 rh.
1299 3932 1383 3981 Kissa·

261 4026 314 4092 Iiap
328 4025 453 4091 Inrupere
472 4026 502 4075 F.
523 4023 608 4075 -‘2‘.’.
630 4042 681 4076 uox
692 4025 721 4075 F.
743 4054 774 4061 -
786 4023 828 4089 25).
848 4022 991 4089 brigantib;
1012 4022 1042 4072 F.
1064 4020 1148 4073 -26,
1168 4020 1289 4071 duximus
1299 4020 1329 4070 F.
1350 4049 1382 4056 -

317 4130 332 4164 a
352 4113 409 4165 aa?

261 4185 305 4238 30.
325 4190 416 4236 tnatair
434 4187 464 4237 F.
485 4216 518 4222 —
539 4184 632 4236 Veraci
650 4175 734 4234 Rider
751 4182 867 4250 germani
886 4183 908 4233 F
929 4182 1034 4233 Veracis
1053 4181 1075 4232 Ι.
1100 4180 1207 4231 Groamr.

298 4287 457 4325 ecnuunrus
475 4287 602 4325 merrus.
622 4273 673 4323 ΙΙΙ.
1245 4269 1276 4318 15
