3409 4909
341 458 379 518 68
684 485 687 488 ,
767 473 907 516 scaram
929 472 1040 515 TACITI
1307 457 1339 520 (a.
1361 474 1384 506 u.
1405 454 1459 508 8‘22

340 649 450 724 grante
489 643 648 723 paulatim
686 641 842 703 seditione
880 640 972 701 addit
1006 640 1193 718 consilium,
1232 642 1339 703 vetitis
1371 640 1458 701 obire

340 740 466 818 vigilias
488 740 744 818 centurionibuS‚
766 740 885 801 omisso
907 739 1004 800 tubae
1022 758 1116 816 sono,
1139 758 1202 816 quo
1218 740 1310 800 miles
1326 738 1366 799 ad
1381 738 1459 799 belli

341 841 454 901 munia
475 840 583 901 cietur.
612 839 714 915 Igitur
734 844 860 920 torpere
881 837 1004 915 cuncti,
1034 837 1300 916 circumspectare
1320 838 1404 896 inter
1426 856 1459 897 se

340 938 471 1000 attoniti
491 942 523 999 et
543 937 576 997 id
597 938 722 1017 ipsum,
750 935 838 1016 quod
859 954 954 996 nemo
975 941 1109 1012 regeret,
1138 943 1308 1014 paventes:
1330 934 1459 995 silentio

341 1035 512 1115 patientia,
534 1039 696 1114 postremo
716 1034 866 1114 precibus
887 1053 923 1093 ac
944 1033 1085 1094 lacrimis
1107 1034 1235 1095 veniam
1251 1032 1458 1112 quaerebant.
1479 1047 1495 1096 5

341 1134 386 1195 Ut
411 1153 486 1195 vero
507 1132 659 1193 deformis
680 1137 712 1194 et
732 1132 812 1193 flens
833 1136 866 1192 et
886 1136 1012 1212 praeter
1033 1151 1123 1210 spem
1145 1130 1316 1192 incolumis
1338 1129 1459 1191 Valens

341 1232 509 1311 processit,
537 1230 691 1308 gaudium
720 1230 883 1291 miseratio
911 1228 1017 1289 favor:
1045 1228 1129 1289 versi
1156 1229 1190 1288 in
1218 1228 1393 1305 laetitiam,
1422 1232 1460 1288 ut

342 1334 389 1391 est
416 1329 530 1406 volgus
558 1333 694 1407 utroque
719 1327 935 1403 inmodicum,
964 1325 1134 1386 laudantes
1155 1331 1380 1405 gratantesque
1402 1326 1460 1386 cir-

341 1426 531 1488 cumdatum
562 1425 679 1505 aquilis
710 1425 873 1504 signisque
904 1424 939 1484 in
970 1423 1113 1484 tribunal
1144 1422 1259 1484 ferunt.
1293 1423 1354 1484 Ille
1386 1423 1461 1483 utili

341 1525 559 1587 moderatione
596 1543 662 1585 non
697 1522 892 1602 supplicium
926 1522 1118 1601 cuiusquam
1150 1522 1312 1600 poposcit3
1352 1541 1389 1581 ac
1420 1538 1516 1591 ne10

341 1622 549 1683 dissimulans
575 1621 752 1700 suspectior
772 1619 870 1697 foret,
898 1638 1018 1699 paucos
1039 1619 1216 1697 incusavit,
1245 1638 1362 1697 gnarus
1384 1620 1462 1680 civi-

341 1720 426 1781 libus
447 1717 540 1780 bellis
562 1717 636 1797 plus
656 1717 815 1778 militibus
837 1737 936 1796 quam
957 1717 1094 1778 ducibus
1116 1718 1218 1778 licere.

288 1819 327 1880 30
382 1815 604 1877 Munientibus
636 1819 740 1888 castra
771 1814 859 1893 apud
890 1815 1040 1875 Ticinum
1072 1814 1110 1875 de
1143 1814 1278 1876 adversa
1305 1815 1462 1876 Caecinae

342 1936 451 1996 pugna
472 1914 635 1990 adlatum,
657 1919 689 1974 et
709 1932 809 1992 prope
829 1918 983 1974 renovata
1005 1912 1135 1989 seditio,
1158 1918 1326 1991 tamquam
1349 1911 1462 1972 fraude

343 2018 374 2074 et
395 2011 656 2074 cunctationibus
676 2010 823 2071 Valentis
844 2010 967 2089 proelio
982 2009 1167 2072 defuissent.
1190 2010 1284 2071 Nolle
1299 2011 1461 2088 requiem,
1484 2028 1516 2079 15

342 2131 409 2173 non
423 2115 591 2190 expectare
606 2109 738 2184 ducem,
760 2108 882 2169 anteire
897 2109 1002 2185 signa,
1025 2128 1135 2185 urgere
1150 2108 1332 2185 signiferos:
1347 2107 1462 2187 rapido

343 2208 470 2286 agmine
491 2207 646 2268 Caecinae
666 2206 854 2283 iunguntur.
883 2206 1076 2286 Inprospera
1097 2206 1244 2267 Valentis
1264 2205 1353 2265 fama
1374 2204 1462 2284 apud

343 2306 520 2367 exereitum
548 2304 703 2364 Caecinae
731 2308 813 2364 erat:
842 2303 1005 2382 expositos
1027 2322 1060 2364 se
1081 2308 1172 2366 tanto
1191 2304 1360 2383 pauciores
1382 2303 1463 2363 inte-

342 2405 406 2483 gris
427 2403 570 2465 hostium
591 2401 714 2463 viribus
735 2401 966 2481 querebantur,
995 2401 1093 2462 simul
1114 2402 1148 2461 in
1170 2421 1263 2462 suam
1285 2402 1463 2462 excusatio-

343 2522 417 2562 nem
442 2506 474 2562 et
495 2499 741 2561 adventantium
762 2499 859 2560 robur
880 2518 937 2578 per
957 2498 1177 2560 adulationem
1199 2498 1397 2576 attollentes,
1423 2519 1463 2559 ne
1482 2516 1518 2568 ‘20

343 2604 380 2660 ut
401 2599 479 2660 victi
500 2603 532 2659 et
551 2597 660 2675 ignavi
674 2596 944 2676 despectarentur.
968 2598 1010 2657 Et
1024 2616 1223 2676 quamquam
1238 2597 1312 2677 plus
1327 2598 1463 2674 virium,

344 2716 443 2776 prope
481 2692 665 2774 duplicatus
702 2693 866 2771 legionum
904 2694 1166 2774 auxiliorumque
1204 2714 1357 2757 numerus
1394 2701 1464 2756 erat

343 2793 490 2871 Valenti,
522 2792 630 2853 studia
660 2796 770 2853 tamen
801 2792 943 2853 militum
975 2792 1009 2852 in
1041 2793 1211 2853 Caecinam
1243 2792 1462 2871 inclinabant,

344 2910 440 2970 super
460 2890 692 2966 benignitatem
714 2889 830 2965 animi,
860 2909 925 2968 qua
945 2890 1125 2968 promptior
1146 2889 1342 2968 habebatur,
1365 2891 1464 2951 etiam

343 2990 451 3066 vigore
479 2987 608 3064 aetatis,
637 2987 826 3066 proceritate
855 2986 995 3065 corporis
1017 2990 1048 3047 et
1069 2986 1212 3065 quodam
1233 2986 1323 3047 inani
1344 2987 1463 3048 favore.
1483 3004 1516 3057 25

344 3088 431 3147 Hine
453 3085 627 3147 aemulatio
649 3083 801 3170 ducibus:
823 3084 961 3144 Caecina
974 3065 1018 3144 'ut
1039 3083 1171 3144 foedum
1193 3104 1229 3145 ao
1244 3084 1464 3162 maculosum,

344 3184 398 3245 ille
431 3188 468 3245 ut
498 3182 663 3244 tumidum
694 3201 731 3243 ac
763 3201 885 3242 vanum
917 3180 1108 3242 inridebant.
1141 3181 1202 3242 Sed
1231 3182 1360 3247 condito
1390 3182 1465 3244 odio

345 3280 481 3343 eandem
518 3280 693 3341 utilitatem
731 3279 853 3354 fovere,
892 3278 1009 3340 crebris
1040 3279 1187 3357 epistulis
1219 3280 1288 3340 sine
1318 3286 1466 3359 respectu

344 3378 458 3440 veniae
480 3377 597 3457 probra
618 3377 739 3438 Othoni
760 3372 971 3452 obiectantes,
994 3397 1068 3438 cum
1090 3376 1187 3439 duces
1209 3378 1351 3455 partium
1367 3378 1466 3439 Otho-

345 3476 395 3537 nis
435 3476 584 3555 quamvis
618 3475 780 3536 uberrima
811 3474 1030 3536 conviciorum
1062 3476 1097 3534 in
1126 3473 1297 3535 Vitellium
1328 3476 1465 3536 materia
1484 3492 1518 3545 30

293 3594 329 3653 31
347 3574 551 3635 abstinerent.
575 3573 658 3634 Sane
678 3576 752 3633 ante
774 3573 942 3651 utriusque
963 3572 1104 3649 exitum,
1127 3591 1190 3651 quo
1206 3572 1364 3650 egregiam
1380 3573 1466 3634 Otho

347 3672 484 3750 famam,
517 3671 668 3733 Vitellius
698 3670 983 3748 flagitiosissimam
1011 3690 1172 3747 meruere,
1204 3660 1313 3731 minus
1342 3670 1466 3731 Vitellii

346 3771 482 3848 ignavae
513 3770 695 3849 voluptates
727 3788 826 3848 quam
855 3768 992 3830 Othonis
1020 3768 1286 3845 flagrantissimae
1303 3767 1466 3851 libidines

347 3868 553 3929 timebantur.
586 3866 764 3927 Addiderat
795 3865 872 3926 huic
903 3871 1056 3927 terrorem
1081 3870 1184 3945 atque
1214 3866 1325 3927 odium
1354 3866 1465 3927 caedes

383 4155 426 4207 ⁶24.
445 4156 606 4207 habebantur
624 4154 665 4205 Fl.
687 4129 719 4192 ζ
739 4156 780 4207 33.
802 4156 908 4221 uolupta
921 4153 924 4225 Ι
936 4116 969 4206 tis
988 4156 1017 4206 F,
1039 4185 1071 4192 -
1089 4154 1288 4227 fraglantissime
1305 4154 1336 4205 F.
