3409 4909
805 448 863 509 233

276 637 376 698 fectus
398 636 517 697 finibus
539 636 715 697 Frisiorum
738 635 843 713 ducit,
866 635 934 715 ipse
956 635 1124 713 impositas
1145 634 1283 695 navibus
1302 641 1395 715 quat

273 740 346 795 tuor
366 734 507 811 legiones
529 754 585 814 per
602 734 691 795 lacus
706 734 812 810 uexit,
834 733 997 812 simulque
1012 732 1125 811 pedes,
1147 752 1260 812 eques,
1283 733 1395 794 classis

273 832 360 912 apud
381 832 583 912 praedictum
604 851 734 892 amnem
755 850 941 893 convenere.

513 1004 657 1046 CAECINA
679 1003 778 1045 REDIT
799 1004 862 1045 PER
883 1003 1003 1045 PONTES
1025 1003 1155 1046 LONGOS.

312 1130 396 1189 Ann.
429 1129 454 1190 I.
487 1148 513 1189 c.
545 1129 593 1190 63.
621 1129 697 1190 med.
726 1148 804 1189 mox
831 1127 964 1190 reducto
993 1128 1034 1188 ad
1062 1128 1221 1189 Amisiam
1250 1130 1394 1190 exercitu
1452 1207 1455 1212 ν

271 1225 412 1302 legiones
443 1226 560 1302 classe,
595 1232 632 1286 ut
662 1225 855 1303 aduexerat,
887 1231 1029 1305 reportat
1061 1228 1117 1303 (sc.
1151 1225 1393 1304 Germanicus);

272 1343 346 1402 pars
374 1324 521 1402 equitum
549 1323 642 1384 litore
664 1325 781 1385 Oceani
804 1330 912 1403 petere
935 1323 1084 1385 Rhenum
1107 1324 1209 1400 iusso;
1239 1323 1393 1400 Caecina,

273 1421 330 1499 qui
357 1440 453 1481 suurn
474 1422 612 1482 militem
635 1420 789 1499 ducebat,
822 1421 981 1499 monitus,
1013 1441 1213 1501 quamquam
1234 1422 1320 1483 notis
1341 1422 1393 1483 iti-

272 1518 402 1579 neribus
424 1519 655 1596 regrederetur,
684 1520 801 1580 Pontes
823 1520 948 1597 Longos
970 1539 1069 1599 quam
1090 1520 1278 1580 maturrime
1300 1539 1394 1598 supe·

273 1636 349 1677 rare.
377 1622 532 1693 augustus
554 1618 581 1677 is
602 1623 721 1677 trames
743 1622 850 1678 vastas
871 1618 954 1677 inter
975 1617 1111 1697 paludes
1132 1623 1165 1679 et
1185 1616 1352 1697 quondam
1373 1636 1392 1676 a

272 1715 306 1775 L.
329 1715 472 1776 Domitio
493 1721 675 1793 aggeratus;
701 1721 805 1777 cetera
825 1714 942 1775 limosa
963 1716 1088 1775 tenacia
1108 1715 1197 1792 gravi
1219 1734 1317 1775 caeno
1336 1719 1395 1775 aut

272 1813 349 1875 rivis
367 1813 488 1874 incerta
503 1818 609 1891 erant,
625 1814 746 1873 circum
761 1812 862 1873 silvae
877 1812 1036 1891 paulatim
1052 1811 1192 1873 adclives
1200 1833 1208 1890 ;
1225 1831 1304 1891 quas
1319 1818 1391 1874 tum

273 1911 439 1971 Arminius
464 1909 627 1989 implevit,
657 1909 857 1989 compendiis
879 1910 1005 1971 viarum
1028 1915 1059 1971 et
1080 1910 1142 1971 cito
1164 1910 1291 1987 agmine
1313 1929 1392 1970 onu-

271 2014 358 2069 stum
387 2008 520 2069 sarcinis
542 2008 704 2088 armisque
726 2008 863 2069 militem
886 2027 960 2068 eum
982 2007 1206 2068 antevenisset.
1236 2008 1392 2069 Caecinae

271 2104 434 2165 dubitanti
463 2126 607 2184 quonam
635 2106 732 2167 modo
760 2111 872 2185 ruptos
901 2110 1061 2167 vetustate
1089 2111 1203 2185 pontes
1224 2110 1392 2184 reponeret

271 2202 433 2282 simulque
454 2204 658 2283 propulsaret
678 2204 821 2281 hostem,
843 2208 947 2264 castra
968 2203 1083 2265 metari
1104 2203 1138 2263 in
1159 2203 1229 2264 loco
1252 2202 1390 2282 placuit,

272 2304 308 2360 ut
329 2319 411 2379 opus
432 2306 464 2362 et
485 2301 540 2361 alii
561 2301 720 2380 proelium
741 2300 930 2379 inciperent.

370 2469 617 2513 onanrownana
639 2471 707 2511 nux
729 2469 935 2514 aarnvonuu
957 2468 1086 2512 conraa
1108 2468 1291 2511 onasuscos

516 2568 666 2611 ereneus
687 2568 835 2611 ruomrua
857 2569 884 2609 a.
908 2549 945 2609 16
966 2570 997 2628 p.
1020 2548 1094 2609 Chr.
1115 2568 1147 2608 n.

311 2692 396 2751 Ann.
418 2691 462 2751 II.
486 2693 532 2752 ll.
555 2692 684 2752 Postero
706 2691 758 2751 die
773 2691 1009 2752 Germanorum
1024 2690 1108 2751 acies
1122 2694 1210 2750 trans
1227 2690 1391 2765 Visurgim

270 2789 367 2849 stetit.
397 2789 513 2850 Caesar
540 2789 603 2848 nisi
631 2788 784 2868 pontibus
812 2780 1046 2867 praesidiisque
1075 2787 1223 2865 inpositis
1252 2786 1328 2847 dare
1356 2787 1391 2846 in

270 2885 443 2947 discrimen
470 2884 611 2963 legiones
633 2885 722 2946 haud
742 2887 987 2965 imperatorium
1009 2891 1113 2963 ratus,
1143 2884 1285 2964 equitem
1307 2883 1390 2945 vado

270 2985 437 3061 tramittit;
469 2984 635 3063 praefuere
666 2984 836 3045 Stertinius
869 2990 899 3046 et
930 3005 947 3046 e
975 3004 1110 3046 numero
1138 2983 1390 3063 primipilarium

272 3082 445 3159 Aemilius,
474 3082 670 3144 distantibus
697 3083 776 3143 locis
803 3083 939 3159 invecti,
967 3088 1004 3143 ut
1031 3082 1156 3143 hostem
1186 3081 1389 3158 diducerent;

272 3198 336 3257 qua
357 3179 541 3241 celerrimus
563 3181 683 3257 amnia,
712 3180 943 3257 Chariovalda,
966 3180 1034 3242 dux
1055 3181 1252 3241 Batavorum
1274 3179 1389 3258 erupit.

270 3296 346 3337 eum
374 3278 527 3339 Cherusci
554 3278 664 3354 fugam
693 3278 884 3339 simulantes
911 3278 946 3337 in
974 3277 1144 3357 planitiem
1172 3276 1307 3338 saltibus
1333 3276 1390 3336 cir-

271 3375 463 3436 cumiectam
495 3381 636 3452 traxere;
669 3374 743 3436 dein
771 3376 871 3436 coorti
900 3381 932 3437 et
959 3375 1103 3454 undique
1131 3374 1225 3435 effusi
1252 3372 1390 3434 trudunt

269 3471 436 3550 adversos,
474 3474 599 3534 instant
636 3472 824 3534 cedentibus
864 3472 1077 3551 collectosque
1108 3472 1143 3531 in
1175 3471 1284 3532 orbem
1315 3490 1389 3549 pars

270 3570 445 3647 congressi,
473 3570 607 3649 quidam
629 3571 756 3631 eminus
777 3569 978 3649 proturbant.
1008 3567 1223 3629 Chariovalda
1243 3567 1300 3629 diu
1322 3588 1389 3629 sus-

270 3671 393 3727 tentata
418 3668 561 3729 hostium
584 3668 734 3745 saevitia,
762 3667 910 3729 hortatus
932 3685 1006 3727 suos
1029 3672 1065 3727 ut
1085 3666 1269 3743 ingruentes
1291 3671 1389 3727 cater-

269 3783 326 3825 vas
343 3764 438 3841 globo
452 3766 635 3843 frangerent
649 3771 747 3846 atque
760 3766 839 3845 ipsis
855 3764 1054 3826 densissimis
1069 3764 1208 3841 irruenS,
1231 3765 1388 3841 congestis

268 3862 341 3923 telis
362 3868 394 3924 et
415 3864 552 3924 suffosso
573 3871 656 3943 equo
676 3864 811 3940 labitur,
833 3879 871 3924 ac
892 3861 989 3923 multi
1010 3861 1170 3923 nobilium
1188 3862 1285 3922 circa:
1308 3866 1388 3922 cete-

268 3978 320 4021 ros
342 3960 391 4021 vis
405 3979 465 4021 sua
479 3966 536 4021 aut
550 3961 673 4039 equites
689 3982 762 4023 cum
778 3961 929 4022 Stertinio
945 3959 1149 4038 Aemilioque
1163 3959 1389 4021 subvenientes

268 4058 413 4137 periculo
434 4078 588 4121 exemere.
