3409 4909
311 448 368 507 146
734 465 874 509 corruam
896 466 1007 509 raorrr
1281 454 1315 517 (a.
1337 468 1362 503 u.
1381 451 1430 505 822

307 632 461 712 puberem:
488 642 636 712 qnantum
664 634 764 695 occisa
788 654 849 695 ano
876 654 942 695 aeae
968 643 994 695 et
1021 654 1081 695 uno
1101 634 1203 696 iuuene
1219 636 1353 715 profici?
1378 636 1433 698 iret

308 731 426 791 obvium
465 730 628 809 [equabus
657 741 684 793 et
716 732 764 792 dr.
781 752 902 793 summu
932 753 1033 793 rerum
1064 732 1130 793 illic
1160 743 1300 806 certcrct;
1340 744 1432 795 cetera

308 830 469 890 secandum
497 838 629 890 eventum
651 830 762 908 proelii
782 850 906 891 cessuro.
935 829 1094 909 Trepidu's
1116 830 1258 892 adhaec
1280 832 1431 893 Vitellius

309 947 412 1006 pauca
443 928 603 1006 purgandi
634 928 684 989 sui
719 947 815 989 causa
846 928 1028 1007 respondit,
1064 928 1195 1007 culpam
1225 929 1262 989 in
1293 930 1432 992 militem

309 1025 489 1103 conferens,
512 1026 604 1087 cuius
625 1026 727 1086 nimio
748 1026 855 1087 ardori
869 1026 1016 1105 inparem
1031 1045 1098 1087 esse
1113 1026 1306 1088 modestiam
1322 1048 1430 1106 suam;
1448 1040 1461 1091 5

310 1126 341 1183 et
362 1122 490 1183 monuit
506 1122 706 1201 Martialem,
728 1128 766 1184 ut
780 1143 836 1202 ρετ
850 1129 1006 1185 secretam
1021 1123 1151 1184 aedium
1166 1131 1292 1203 partem
1308 1126 1431 1188 occulte

309 1219 426 1298 abiret,
448 1240 488 1281 ne
510 1223 568 1301 <a>
590 1221 748 1282 militibus
766 1222 985 1283 internuntius
1000 1222 1123 1283 invisae
1138 1223 1226 1301 pacis
1240 1223 1431 1285 interficere-

308 1322 370 1379 tur.
403 1318 477 1397 Ipse
508 1338 612 1398 neque
642 1318 777 1380 iubendi
808 1338 913 1399 neque
944 1318 1075 1381 vetandi
1107 1324 1237 1400 potens,
1269 1341 1337 1383 non
1365 1322 1431 1383 iam

308 1416 498 1495 imperator,
520 1415 576 1477 sed
597 1422 726 1477 tantum
747 1416 824 1477 belli
846 1436 943 1477 causa
964 1421 1040 1478 erat.

255 1518 292 1581 71
349 1514 495 1575 Vixdum
533 1533 672 1591 regresso
710 1515 745 1575 in
783 1514 982 1593 Capitolium
1017 1515 1165 1576 Martiale
1197 1516 1307 1577 furens
1339 1517 1475 1581 milesio

310 1611 436 1690 aderat,
458 1612 667 1693 nullo'duoe,
690 1613 751 1673 sibi
772 1613 909 1692 quisque
931 1617 1051 1673 auctor.
1081 1614 1152 1674 Cito
1173 1615 1303 1691 agmine
1324 1615 1433 1677 forum

310 1715 342 1770 et
372 1709 565 1770 inminentia
595 1709 663 1771 foro
695 1710 818 1789 templa
848 1711 1059 1788 praetervecti
1089 1711 1216 1788 erigunt
1244 1713 1348 1773 aciem
1376 1732 1433 1792 per

309 1806 481 1867 adversum
509 1806 624 1868 collem
650 1826 752 1885 usque
780 1807 822 1867 ad
849 1808 971 1887 primas
999 1808 1200 1887 Capitolinae
1227 1810 1310 1871 arcis
1339 1810 1431 1872 fores.

310 1904 411 1965 Erant
439 1905 619 1984 antiquitus
646 1906 789 1984 porticus
814 1906 849 1965 in
871 1906 970 1967 latere
991 1905 1083 1983 clivi,
1112 1906 1245 1969 dextrae
1266 1909 1433 1971 subeunti-

308 2001 385 2077 bus,
413 2002 448 2061 in
477 2022 615 2081 quarum
642 2007 765 2063 tectum
790 2003 907 2079 egressi
928 2004 1014 2065 saxis
1036 2004 1216 2082 tegulisque
1241 2005 1432 2067 Vitellianos
1452 2017 1478 2070 15

309 2099 496 2161 obruebant.
519 2101 631 2179 Neque
651 2101 717 2161 illis
737 2120 855 2161 manus
877 2101 940 2161 nisi
961 2100 1076 2178 gladiis
1098 2106 1255 2179 armatae,
1277 2108 1311 2163 et
1331 2118 1433 2165 arces-

309 2215 376 2257 sere
404 2203 564 2258 tormenta
591 2202 648 2258 aut
675 2198 813 2260 missilia
834 2199 899 2259 tela
920 2199 1054 2276 longum
1076 2199 1261 2260 videbatur:
1290 2199 1378 2261 faces
1399 2202 1433 2262 in

309 2297 546 2374 prominentem
567 2298 729 2375 porticum
749 2297 850 2358 iecere
872 2302 903 2358 et
925 2297 1143 2377 sequebantur
1166 2297 1290 2376 ignem,
1320 2299 1434 2360 ambu-

309 2398 438 2473 stasque
477 2394 629 2473 Capitolii
659 2395 742 2455 fores
774 2399 1010 2474 penetrassent,
1050 2396 1084 2455 ni
1116 2394 1255 2457 Sabinus
1286 2396 1433 2458 revulsas

309 2491 453 2569 undique
481 2497 620 2571 statuae,
649 2493 764 2553 decora
789 2493 966 2569 maiorum,
995 2494 1029 2553 in
1050 2493 1121 2571 ipso
1142 2494 1234 2554 aditu
1255 2494 1326 2555 vice
1346 2495 1434 2556 muri
1450 2504 1482 2558 ‘20

309 2589 485 2651 obiecisset.
518 2590 602 2650 Tum
635 2589 778 2652 diversos
809 2590 961 2669 Capitolii
992 2590 1099 2651 aditus
1131 2590 1307 2670 invadunt,
1339 2593 1434 2654 iuxta

308 2686 420 2748 lucum
444 2688 542 2767 asyli,
572 2694 604 2750 et
625 2708 690 2767 qua
711 2689 847 2767 Tarpeia
869 2708 965 2767 rupes
986 2694 1117 2749 centum
1138 2689 1292 2767 gradibus
1314 2690 1432 2752 aditur.

309 2785 479 2864 inprovisa
517 2791 654 2866 utraque
685 2787 750 2863 vis,
789 2788 920 2865 propior
952 2792 1050 2866 atque
1082 2788 1184 2850 aerior
1214 2807 1271 2866 per
1302 2789 1433 2867 asylum

307 2884 492 2961 ingruebat:
521 2904 580 2945 nec
602 2884 672 2946 sisti
693 2890 843 2964 poterant
864 2884 1053 2946 scandentes
1075 2904 1132 2958 ρετ
1152 2886 1325 2947 coniuncta
1345 2886 1433 2947 aedi·

308 2980 396 3058 ficia,
419 3001 517 3061 quae,
539 2987 577 3042 ut
597 2982 631 3042 in
653 2983 757 3043 multa
771 3002 865 3062 pace,
887 2983 922 3044 in
937 2982 1041 3043 altum
1056 2982 1143 3044 edita
1157 2982 1263 3044 solum
1278 2983 1435 3062 Capitolii
1451 2994 1483 3049 25

309 3079 501 3159 aequabant.
525 3080 589 3140 Hic
611 3081 800 3158 ambigitur,
823 3080 930 3158 ignem
952 3081 1044 3142 tectis
1066 3080 1303 3159 obpugnatores
1316 3081 1434 3142 iniece-

308 3178 388 3255 rint3
412 3198 454 3238 an
475 3179 611 3256 obsessi,
633 3197 716 3256 quae
738 3179 876 3240 crebrior
897 3178 999 3256 fama,
1022 3178 1210 3255 <incendio>
1232 3178 1374 3240 nitentes
1396 3198 1433 3240 ac

308 3295 489 3355 progressos
512 3276 703 3356 depulerint.
725 3276 807 3338 inde
827 3277 938 3355 lapsus
959 3276 1041 3353 ignis
1060 3277 1094 3337 in
1109 3276 1251 3355 porticus
1266 3275 1433 3356 adpositas

308 3374 458 3451 aedibus3
498 3394 576 3435 mox
616 3376 811 3435 sustinentes
848 3374 1014 3451 fastigium
1046 3373 1174 3453 aquilae
1205 3378 1312 3435 vetere
1342 3374 1433 3453 ligno

308 3476 477 3533 traxerunt
514 3472 682 3532 flammam
720 3472 944 3551 alueruntque.
987 3471 1038 3532 Sic
1076 3470 1273 3550 Capitolium
1313 3471 1433 3534 clausis
1451 3483 1484 3538 30

307 3568 447 3648 foribus,
469 3570 674 3631 indefensum
696 3575 728 3631 et
749 3570 948 3649 indireptum
969 3568 1187 3648 conflagravit.

344 3897 368 3947 5.
398 3896 479 3945 nimio
507 3895 593 3945 ardori
612 3895 729 3961 inparem
758 3895 914 3945 Puteolanas·
942 3894 1037 3945 nimius
1064 3893 1148 3945 ardor.
1177 3894 1273 3960 Inpan’s
1292 3894 1323 3945 F.
1353 3924 1389 3933 —
1408 3897 1432 3949 b'.

309 3992 403 4035 secreta
423 3984 509 4056 medin
527 3983 569 4035 Fl.
599 4014 632 4021 -
652 3986 676 4036 i.
706 3984 808 4035 aomia.
829 3985 859 4035 F.
887 4014 918 4021 -
940 3984 980 4036 13.
1006 3984 1070 4034 colle
1088 3983 1118 4034 F.
1145 4013 1178 4020 —
1197 3981 1240 4035 25.
1261 3988 1326 4033 sonu
1344 3983 1377 4034 F.
1399 4012 1431 4022 —

308 4077 351 4129 21.
376 4079 444 4129 fama
468 4079 498 4129 F.
525 4107 558 4115 -
585 4076 740 4147 <incendio>
765 4079 863 4129 inserui
882 4075 956 4148 <ita>
975 4077 1085 4144 Ruperti
1104 4074 1247 4147 <flanrma>
1267 4075 1372 4128 Meiaer.
1399 4107 1432 4114 -

308 4165 350 4219 28.
370 4165 600 4231 duni—depellunt
619 4166 751 4229 Heraeus,
770 4165 860 4217 Halm.
882 4195 915 4203 -
934 4164 976 4218 29.
996 4170 1069 4216 utere
1086 4165 1116 4216 F.
