<?xml version="1.0" encoding="UTF-8"?>
<!DOCTYPE html PUBLIC "-//W3C//DTD XHTML 1.0 Transitional//EN"
    "http://www.w3.org/TR/xhtml1/DTD/xhtml1-transitional.dtd">
<html xmlns="http://www.w3.org/1999/xhtml" xml:lang="en" lang="en">
 <head>
  <title>
</title>
<meta http-equiv="Content-Type" content="text/html;charset=utf-8" />
  <meta name='ocr-system' content='tesseract 3.04.00' />
  <meta name='ocr-capabilities' content='ocr_page ocr_carea ocr_par ocr_line ocrx_word'/>
</head>
<body>
  <div class='ocr_page' id='page_1' title='image "./historiaecumfra00vliegoog_0175.png"; bbox 0 0 3409 4909; ppageno 0'>
   <div class='ocr_carea' id='block_1_1' title="bbox 281 444 1375 513">
    <p class='ocr_par' dir='ltr' id='par_1_1' title="bbox 281 444 1375 513">
     <span class='ocr_line' id='line_1_1' title="bbox 281 444 1375 513; baseline 0 -3"><span class='ocrx_word' id='word_1_1' title='bbox 281 460 301 510; x_wconf 81' lang='lat' dir='ltr'><strong><em>u·</em></strong></span> <span class='ocrx_word' id='word_1_2' title='bbox 315 444 354 497; x_wconf 79' lang='lat' dir='ltr'><strong><em>Oh.</em></strong></span> <span class='ocrx_word' id='word_1_3' title='bbox 372 447 416 513; x_wconf 79' lang='grc'><strong><em>69)</em></strong></span> <span class='ocrx_word' id='word_1_4' title='bbox 602 465 828 508; x_wconf 75' lang='lat' dir='ltr'><strong><em>ussroursrsuu</em></strong></span> <span class='ocrx_word' id='word_1_5' title='bbox 849 447 906 507; x_wconf 89' lang='lat' dir='ltr'><strong><em>IV.</em></strong></span> <span class='ocrx_word' id='word_1_6' title='bbox 928 448 1035 511; x_wconf 80' lang='lat'>7-11.</span> <span class='ocrx_word' id='word_1_7' title='bbox 1320 448 1375 510; x_wconf 91' lang='grc'><strong><em>161</em></strong></span> 
     </span>
    </p>
   </div>
   <div class='ocr_carea' id='block_1_2' title="bbox 252 631 1426 3552">
    <p class='ocr_par' dir='ltr' id='par_1_2' title="bbox 252 631 1426 3552">
     <span class='ocr_line' id='line_1_2' title="bbox 283 631 1376 715; baseline 0.005 -24"><span class='ocrx_word' id='word_1_8' title='bbox 283 631 395 693; x_wconf 75' lang='lat' dir='ltr'><strong><em>aruerit.</em></strong></span> <span class='ocrx_word' id='word_1_9' title='bbox 424 632 557 693; x_wconf 83' lang='lat' dir='ltr'><strong><em>Suadere</em></strong></span> <span class='ocrx_word' id='word_1_10' title='bbox 583 634 674 694; x_wconf 90' lang='lat' dir='ltr'><strong><em>etiam</em></strong></span> <span class='ocrx_word' id='word_1_11' title='bbox 703 633 821 712; x_wconf 89' lang='lat' dir='ltr'><strong><em>Prisca,</em></strong></span> <span class='ocrx_word' id='word_1_12' title='bbox 850 654 886 695; x_wconf 86' lang='lat' dir='ltr'><strong><em>ne</em></strong></span> <span class='ocrx_word' id='word_1_13' title='bbox 912 654 1005 712; x_wconf 90' lang='lat' dir='ltr'><strong><em>supra</em></strong></span> <span class='ocrx_word' id='word_1_14' title='bbox 1021 634 1191 713; x_wconf 76' lang='lat' dir='ltr'><strong><em>principem</em></strong></span> <span class='ocrx_word' id='word_1_15' title='bbox 1210 635 1376 715; x_wconf 77' lang='lat' dir='ltr'><strong><em>scanderet,</em></strong></span> 
     </span>
     <span class='ocr_line' id='line_1_3' title="bbox 282 728 1377 812; baseline 0.005 -25"><span class='ocrx_word' id='word_1_16' title='bbox 282 744 310 787; x_wconf 88' lang='lat' dir='ltr'><strong><em>m</em></strong></span> <span class='ocrx_word' id='word_1_17' title='bbox 335 728 560 808; x_wconf 70' lang='lat' dir='ltr'><strong><em>Vespasianum,</em></strong></span> <span class='ocrx_word' id='word_1_18' title='bbox 587 751 683 792; x_wconf 88' lang='lat' dir='ltr'><strong><em>seuem</em></strong></span> <span class='ocrx_word' id='word_1_19' title='bbox 713 731 942 811; x_wconf 74' lang='lat' dir='ltr'><strong><em>triumphalem,</em></strong></span> <span class='ocrx_word' id='word_1_20' title='bbox 970 732 1110 792; x_wconf 77' lang='lat' dir='ltr'><strong><em>iuratum</em></strong></span> <span class='ocrx_word' id='word_1_21' title='bbox 1140 731 1298 792; x_wconf 84' lang='lat' dir='ltr'><strong><em>liberorum</em></strong></span> <span class='ocrx_word' id='word_1_22' title='bbox 1319 753 1377 812; x_wconf 92' lang='lat' dir='ltr'><strong><em>pa·</em></strong></span> 
     </span>
     <span class='ocr_line' id='line_1_4' title="bbox 286 829 1378 909; baseline 0.008 -26"><span class='ocrx_word' id='word_1_23' title='bbox 286 832 352 905; x_wconf 85' lang='lat' dir='ltr'><strong><em>tum,</em></strong></span> <span class='ocrx_word' id='word_1_24' title='bbox 372 829 537 907; x_wconf 74' lang='lat' dir='ltr'><strong><em>praeceptis</em></strong></span> <span class='ocrx_word' id='word_1_25' title='bbox 562 832 713 891; x_wconf 79' lang='lat' dir='ltr'><strong><em>coirceret:</em></strong></span> <span class='ocrx_word' id='word_1_26' title='bbox 740 830 886 909; x_wconf 83' lang='lat' dir='ltr'><strong><em>quomodo</em></strong></span> <span class='ocrx_word' id='word_1_27' title='bbox 908 829 1045 909; x_wconf 86' lang='lat' dir='ltr'><strong><em>pessimis</em></strong></span> <span class='ocrx_word' id='word_1_28' title='bbox 1067 829 1296 908; x_wconf 80' lang='lat' dir='ltr'><strong><em>imperatoribus</em></strong></span> <span class='ocrx_word' id='word_1_29' title='bbox 1315 831 1378 892; x_wconf 84' lang='lat' dir='ltr'><strong><em>siue</em></strong></span> 
     </span>
     <span class='ocr_line' id='line_1_5' title="bbox 282 921 1375 1006; baseline 0.006 -23"><span class='ocrx_word' id='word_1_30' title='bbox 282 921 327 999; x_wconf 77' lang='lat' dir='ltr'><strong><em>im</em></strong></span> <span class='ocrx_word' id='word_1_31' title='bbox 342 924 587 1005; x_wconf 80' lang='lat' dir='ltr'><strong><em>dominationem,</em></strong></span> <span class='ocrx_word' id='word_1_32' title='bbox 608 927 654 987; x_wconf 84' lang='lat' dir='ltr'><strong><em>ita</em></strong></span> <span class='ocrx_word' id='word_1_33' title='bbox 668 928 804 1006; x_wconf 84' lang='lat' dir='ltr'><strong><em>quamuis</em></strong></span> <span class='ocrx_word' id='word_1_34' title='bbox 816 927 943 1005; x_wconf 82' lang='lat' dir='ltr'><strong><em>eprepiis</em></strong></span> <span class='ocrx_word' id='word_1_35' title='bbox 955 927 1079 988; x_wconf 88' lang='lat' dir='ltr'><strong><em>modum</em></strong></span> <span class='ocrx_word' id='word_1_36' title='bbox 1096 927 1241 988; x_wconf 81' lang='lat' dir='ltr'><strong><em>libertatis</em></strong></span> <span class='ocrx_word' id='word_1_37' title='bbox 1249 928 1375 1006; x_wconf 87' lang='lat' dir='ltr'><strong><em>placere.</em></strong></span> 
     </span>
     <span class='ocr_line' id='line_1_6' title="bbox 260 1016 1376 1104; baseline 0.006 -24"><span class='ocrx_word' id='word_1_38' title='bbox 260 1016 352 1082; x_wconf 77' lang='lat' dir='ltr'><strong><em>illaec</em></strong></span> <span class='ocrx_word' id='word_1_39' title='bbox 375 1023 500 1100; x_wconf 90' lang='lat' dir='ltr'><strong><em>magnis</em></strong></span> <span class='ocrx_word' id='word_1_40' title='bbox 527 1024 690 1104; x_wconf 83' lang='lat' dir='ltr'><strong><em>utrimque</em></strong></span> <span class='ocrx_word' id='word_1_41' title='bbox 718 1025 977 1086; x_wconf 83' lang='lat' dir='ltr'><strong><em>contentionibus</em></strong></span> <span class='ocrx_word' id='word_1_42' title='bbox 1005 1025 1123 1086; x_wconf 80' lang='lat' dir='ltr'><strong><em>iactatu</em></strong></span> <span class='ocrx_word' id='word_1_43' title='bbox 1150 1025 1285 1086; x_wconf 87' lang='lat' dir='ltr'><strong><em>diversis</em></strong></span> <span class='ocrx_word' id='word_1_44' title='bbox 1311 1031 1376 1087; x_wconf 88' lang='lat' dir='ltr'><strong><em>stu-</em></strong></span> 
     </span>
     <span class='ocr_line' id='line_1_7' title="bbox 285 1113 1375 1203; baseline 0.008 -26"><span class='ocrx_word' id='word_1_45' title='bbox 285 1113 330 1177; x_wconf 82' lang='lat' dir='ltr'><strong><em>diis</em></strong></span> <span class='ocrx_word' id='word_1_46' title='bbox 350 1121 598 1200; x_wconf 79' lang='lat' dir='ltr'><strong><em>accipiebantur:</em></strong></span> <span class='ocrx_word' id='word_1_47' title='bbox 627 1123 705 1185; x_wconf 79' lang='lat' dir='ltr'><strong><em>vioit</em></strong></span> <span class='ocrx_word' id='word_1_48' title='bbox 725 1142 815 1202; x_wconf 89' lang='lat' dir='ltr'><strong><em>pars,</em></strong></span> <span class='ocrx_word' id='word_1_49' title='bbox 844 1143 928 1203; x_wconf 87' lang='lat' dir='ltr'><strong><em>quse</em></strong></span> <span class='ocrx_word' id='word_1_50' title='bbox 949 1123 1054 1185; x_wconf 88' lang='lat' dir='ltr'><strong><em>sortiri</em></strong></span> <span class='ocrx_word' id='word_1_51' title='bbox 1075 1123 1196 1200; x_wconf 88' lang='lat' dir='ltr'><strong><em>legatos</em></strong></span> <span class='ocrx_word' id='word_1_52' title='bbox 1217 1124 1375 1203; x_wconf 86' lang='lat' dir='ltr'><strong><em>malebat,</em></strong></span> 
     </span>
     <span class='ocr_line' id='line_1_8' title="bbox 287 1213 1376 1300; baseline 0.007 -26"><span class='ocrx_word' id='word_1_53' title='bbox 287 1213 359 1277; x_wconf 83' lang='lat' dir='ltr'><strong><em>etiam</em></strong></span> <span class='ocrx_word' id='word_1_54' title='bbox 378 1219 493 1280; x_wconf 88' lang='lat' dir='ltr'><strong><em>mediis</em></strong></span> <span class='ocrx_word' id='word_1_55' title='bbox 514 1225 643 1299; x_wconf 86' lang='lat' dir='ltr'><strong><em>patrum</em></strong></span> <span class='ocrx_word' id='word_1_56' title='bbox 665 1220 887 1282; x_wconf 80' lang='lat' dir='ltr'><strong><em>adnitentibus</em></strong></span> <span class='ocrx_word' id='word_1_57' title='bbox 908 1221 1043 1282; x_wconf 90' lang='lat' dir='ltr'><strong><em>retinere</em></strong></span> <span class='ocrx_word' id='word_1_58' title='bbox 1065 1240 1202 1297; x_wconf 83' lang='lat' dir='ltr'><strong><em>morem3</em></strong></span> <span class='ocrx_word' id='word_1_59' title='bbox 1225 1226 1257 1282; x_wconf 89' lang='lat' dir='ltr'><strong><em>et</em></strong></span> <span class='ocrx_word' id='word_1_60' title='bbox 1271 1222 1376 1300; x_wconf 91' lang='lat' dir='ltr'><strong><em>splen-</em></strong></span> 
     </span>
     <span class='ocr_line' id='line_1_9' title="bbox 286 1307 1375 1399; baseline 0.011 -30"><span class='ocrx_word' id='word_1_61' title='bbox 286 1307 442 1378; x_wconf 87' lang='lat' dir='ltr'><strong><em>didissimus</em></strong></span> <span class='ocrx_word' id='word_1_62' title='bbox 464 1318 601 1398; x_wconf 86' lang='lat' dir='ltr'><strong><em>quisque</em></strong></span> <span class='ocrx_word' id='word_1_63' title='bbox 622 1319 735 1381; x_wconf 88' lang='lat' dir='ltr'><strong><em>eodem</em></strong></span> <span class='ocrx_word' id='word_1_64' title='bbox 755 1320 949 1397; x_wconf 85' lang='lat' dir='ltr'><strong><em>inclinabat,</em></strong></span> <span class='ocrx_word' id='word_1_65' title='bbox 976 1325 1065 1380; x_wconf 86' lang='lat' dir='ltr'><strong><em>metu</em></strong></span> <span class='ocrx_word' id='word_1_66' title='bbox 1086 1318 1242 1396; x_wconf 90' lang='lat' dir='ltr'><strong><em>invidiae,</em></strong></span> <span class='ocrx_word' id='word_1_67' title='bbox 1264 1320 1291 1379; x_wconf 92' lang='lat' dir='ltr'><strong><em>si</em></strong></span> <span class='ocrx_word' id='word_1_68' title='bbox 1312 1320 1375 1399; x_wconf 91' lang='lat' dir='ltr'><strong><em>ipsi</em></strong></span> 
     </span>
     <span class='ocr_line' id='line_1_10' title="bbox 287 1405 1149 1487; baseline 0.007 -16"><span class='ocrx_word' id='word_1_69' title='bbox 287 1405 455 1487; x_wconf 79' lang='lat' dir='ltr'><strong><em>eligerentur.</em></strong></span> <span class='ocrx_word' id='word_1_70' title='bbox 1143 1463 1149 1477; x_wconf 77' lang='grc'>,</span> 
     </span>
     <span class='ocr_line' id='line_1_11' title="bbox 255 1501 1408 1591; baseline 0.006 -21"><span class='ocrx_word' id='word_1_71' title='bbox 255 1501 277 1562; x_wconf 78' lang='grc' dir='ltr'><strong><em>Ι]</em></strong></span> <span class='ocrx_word' id='word_1_72' title='bbox 313 1506 450 1573; x_wconf 81' lang='lat' dir='ltr'><strong><em>Secutum</em></strong></span> <span class='ocrx_word' id='word_1_73' title='bbox 481 1513 571 1575; x_wconf 91' lang='lat' dir='ltr'><strong><em>aliud</em></strong></span> <span class='ocrx_word' id='word_1_74' title='bbox 601 1521 771 1577; x_wconf 82' lang='lat' dir='ltr'><strong><em>certamen.</em></strong></span> <span class='ocrx_word' id='word_1_75' title='bbox 803 1517 968 1577; x_wconf 89' lang='lat' dir='ltr'><strong><em>Praetores</em></strong></span> <span class='ocrx_word' id='word_1_76' title='bbox 995 1515 1108 1576; x_wconf 88' lang='lat' dir='ltr'><strong><em>aerarii</em></strong></span> <span class='ocrx_word' id='word_1_77' title='bbox 1137 1518 1228 1591; x_wconf 85' lang='lat' dir='ltr'><strong><em>(nam</em></strong></span> <span class='ocrx_word' id='word_1_78' title='bbox 1256 1520 1327 1574; x_wconf 87' lang='lat' dir='ltr'><strong><em>tum</em></strong></span> <span class='ocrx_word' id='word_1_79' title='bbox 1355 1517 1408 1577; x_wconf 74' lang='lat' dir='ltr'><strong><em>aii</em></strong></span> 
     </span>
     <span class='ocr_line' id='line_1_12' title="bbox 286 1610 1394 1693; baseline 0.005 -26"><span class='ocrx_word' id='word_1_80' title='bbox 286 1610 459 1678; x_wconf 82' lang='lat' dir='ltr'><strong><em>praetoribus</em></strong></span> <span class='ocrx_word' id='word_1_81' title='bbox 500 1612 699 1674; x_wconf 86' lang='lat' dir='ltr'><strong><em>tractabatur</em></strong></span> <span class='ocrx_word' id='word_1_82' title='bbox 736 1614 909 1691; x_wconf 89' lang='lat' dir='ltr'><strong><em>aerarium)</em></strong></span> <span class='ocrx_word' id='word_1_83' title='bbox 947 1610 1112 1693; x_wconf 88' lang='lat' dir='ltr'><strong><em>publicam</em></strong></span> <span class='ocrx_word' id='word_1_84' title='bbox 1150 1618 1394 1692; x_wconf 77' lang='lat' dir='ltr'><strong><em>paupertatem</em></strong></span> 
     </span>
     <span class='ocr_line' id='line_1_13' title="bbox 254 1707 1375 1790; baseline 0.007 -27"><span class='ocrx_word' id='word_1_85' title='bbox 254 1743 260 1790; x_wconf 46' lang='grc' dir='ltr'><strong><em>-ι</em></strong></span> <span class='ocrx_word' id='word_1_86' title='bbox 285 1707 366 1778; x_wconf 84' lang='lat' dir='ltr'><strong><em>questi</em></strong></span> <span class='ocrx_word' id='word_1_87' title='bbox 394 1708 529 1770; x_wconf 90' lang='lat' dir='ltr'><strong><em>modum</em></strong></span> <span class='ocrx_word' id='word_1_88' title='bbox 557 1710 700 1790; x_wconf 86' lang='lat' dir='ltr'><strong><em>inpensis</em></strong></span> <span class='ocrx_word' id='word_1_89' title='bbox 727 1711 979 1790; x_wconf 87' lang='lat' dir='ltr'><strong><em>postulaverant.</em></strong></span> <span class='ocrx_word' id='word_1_90' title='bbox 1012 1713 1093 1772; x_wconf 86' lang='lat' dir='ltr'><strong><em>Eam</em></strong></span> <span class='ocrx_word' id='word_1_91' title='bbox 1122 1730 1233 1772; x_wconf 86' lang='lat' dir='ltr'><strong><em>curam</em></strong></span> <span class='ocrx_word' id='word_1_92' title='bbox 1262 1711 1375 1773; x_wconf 88' lang='lat' dir='ltr'><strong><em>consul</em></strong></span> 
     </span>
     <span class='ocr_line' id='line_1_14' title="bbox 254 1794 1372 1886; baseline 0.01 -28"><span class='ocrx_word' id='word_1_93' title='bbox 254 1809 258 1884; x_wconf 70' lang='lat' dir='ltr'><em>J</em></span> <span class='ocrx_word' id='word_1_94' title='bbox 284 1794 442 1881; x_wconf 86' lang='lat' dir='ltr'><strong><em>designatus</em></strong></span> <span class='ocrx_word' id='word_1_95' title='bbox 471 1807 512 1868; x_wconf 94' lang='lat' dir='ltr'><strong><em>ob</em></strong></span> <span class='ocrx_word' id='word_1_96' title='bbox 536 1808 793 1886; x_wconf 84' lang='lat' dir='ltr'><strong><em>magnitudinem</em></strong></span> <span class='ocrx_word' id='word_1_97' title='bbox 815 1810 920 1871; x_wconf 90' lang='lat' dir='ltr'><strong><em>oneris</em></strong></span> <span class='ocrx_word' id='word_1_98' title='bbox 941 1815 973 1871; x_wconf 91' lang='lat' dir='ltr'><strong><em>et</em></strong></span> <span class='ocrx_word' id='word_1_99' title='bbox 994 1809 1127 1870; x_wconf 88' lang='lat' dir='ltr'><strong><em>remedii</em></strong></span> <span class='ocrx_word' id='word_1_100' title='bbox 1149 1808 1372 1870; x_wconf 89' lang='lat' dir='ltr'><strong><em>difficultatem</em></strong></span> 
     </span>
     <span class='ocr_line' id='line_1_15' title="bbox 254 1897 1374 1985; baseline 0.001 -19"><span class='ocrx_word' id='word_1_101' title='bbox 254 1897 395 1982; x_wconf 77' lang='lat' dir='ltr'><strong><em>sprincipi</em></strong></span> <span class='ocrx_word' id='word_1_102' title='bbox 431 1906 628 1968; x_wconf 87' lang='lat' dir='ltr'><strong><em>reservabat:</em></strong></span> <span class='ocrx_word' id='word_1_103' title='bbox 667 1906 840 1968; x_wconf 90' lang='lat' dir='ltr'><strong><em>Helvidius</em></strong></span> <span class='ocrx_word' id='word_1_104' title='bbox 878 1907 1009 1969; x_wconf 91' lang='lat' dir='ltr'><strong><em>arbitrio</em></strong></span> <span class='ocrx_word' id='word_1_105' title='bbox 1048 1912 1179 1969; x_wconf 88' lang='lat' dir='ltr'><strong><em>senatus</em></strong></span> <span class='ocrx_word' id='word_1_106' title='bbox 1213 1907 1374 1985; x_wconf 88' lang='lat' dir='ltr'><strong><em>agendum</em></strong></span> 
     </span>
     <span class='ocr_line' id='line_1_16' title="bbox 254 1975 1374 2082; baseline 0.01 -28"><span class='ocrx_word' id='word_1_107' title='bbox 254 1975 388 2061; x_wconf 78' lang='lat' dir='ltr'><strong><em>iesnsuit.</em></strong></span> <span class='ocrx_word' id='word_1_108' title='bbox 428 2002 510 2063; x_wconf 82' lang='lat' dir='ltr'><strong><em>Cum</em></strong></span> <span class='ocrx_word' id='word_1_109' title='bbox 548 2009 753 2082; x_wconf 83' lang='lat' dir='ltr'><strong><em>perrogarent</em></strong></span> <span class='ocrx_word' id='word_1_110' title='bbox 790 2006 964 2068; x_wconf 89' lang='lat' dir='ltr'><strong><em>sententias</em></strong></span> <span class='ocrx_word' id='word_1_111' title='bbox 1002 2004 1165 2082; x_wconf 89' lang='lat' dir='ltr'><strong><em>consules,</em></strong></span> <span class='ocrx_word' id='word_1_112' title='bbox 1205 2004 1374 2066; x_wconf 84' lang='lat' dir='ltr'><strong><em>Vulcatius</em></strong></span> 
     </span>
     <span class='ocr_line' id='line_1_17' title="bbox 280 2085 1374 2182; baseline 0.007 -27"><span class='ocrx_word' id='word_1_113' title='bbox 280 2085 471 2178; x_wconf 79' lang='lat' dir='ltr'><strong><em>Tertullinus,</em></strong></span> <span class='ocrx_word' id='word_1_114' title='bbox 492 2102 642 2164; x_wconf 89' lang='lat' dir='ltr'><strong><em>tribunus</em></strong></span> <span class='ocrx_word' id='word_1_115' title='bbox 663 2102 783 2181; x_wconf 89' lang='lat' dir='ltr'><strong><em>plebis,</em></strong></span> <span class='ocrx_word' id='word_1_116' title='bbox 805 2104 999 2180; x_wconf 89' lang='lat' dir='ltr'><strong><em>intercessit,</em></strong></span> <span class='ocrx_word' id='word_1_117' title='bbox 1021 2122 1061 2164; x_wconf 92' lang='lat' dir='ltr'><strong><em>ne</em></strong></span> <span class='ocrx_word' id='word_1_118' title='bbox 1080 2102 1159 2182; x_wconf 91' lang='lat' dir='ltr'><strong><em>quid</em></strong></span> <span class='ocrx_word' id='word_1_119' title='bbox 1174 2122 1269 2181; x_wconf 89' lang='lat' dir='ltr'><strong><em>super</em></strong></span> <span class='ocrx_word' id='word_1_120' title='bbox 1283 2107 1374 2163; x_wconf 87' lang='lat' dir='ltr'><strong><em>tanta</em></strong></span> 
     </span>
     <span class='ocr_line' id='line_1_18' title="bbox 278 2196 1375 2279; baseline 0.005 -24"><span class='ocrx_word' id='word_1_121' title='bbox 278 2201 304 2249; x_wconf 74' lang='grc' dir='ltr'><strong><em>ῐθ</em></strong></span> <span class='ocrx_word' id='word_1_122' title='bbox 329 2196 467 2277; x_wconf 90' lang='lat' dir='ltr'><strong><em>principe</em></strong></span> <span class='ocrx_word' id='word_1_123' title='bbox 498 2199 630 2261; x_wconf 82' lang='lat' dir='ltr'><strong><em>absente</em></strong></span> <span class='ocrx_word' id='word_1_124' title='bbox 661 2204 863 2263; x_wconf 89' lang='lat' dir='ltr'><strong><em>statueretur.</em></strong></span> <span class='ocrx_word' id='word_1_125' title='bbox 903 2201 1078 2263; x_wconf 84' lang='lat' dir='ltr'><strong><em>Censuerat</em></strong></span> <span class='ocrx_word' id='word_1_126' title='bbox 1109 2200 1299 2279; x_wconf 85' lang='lat' dir='ltr'><strong><em>Helvidius,</em></strong></span> <span class='ocrx_word' id='word_1_127' title='bbox 1337 2205 1375 2261; x_wconf 90' lang='lat' dir='ltr'><strong><em>ut</em></strong></span> 
     </span>
     <span class='ocr_line' id='line_1_19' title="bbox 278 2284 1372 2378; baseline 0.008 -28"><span class='ocrx_word' id='word_1_128' title='bbox 278 2284 452 2369; x_wconf 77' lang='lat' dir='ltr'><strong><em>Capitolium</em></strong></span> <span class='ocrx_word' id='word_1_129' title='bbox 490 2298 619 2376; x_wconf 90' lang='lat' dir='ltr'><strong><em>publice</em></strong></span> <span class='ocrx_word' id='word_1_130' title='bbox 657 2300 892 2378; x_wconf 88' lang='lat' dir='ltr'><strong><em>restitueretur,</em></strong></span> <span class='ocrx_word' id='word_1_131' title='bbox 934 2300 1102 2362; x_wconf 88' lang='lat' dir='ltr'><strong><em>adiuvaret</em></strong></span> <span class='ocrx_word' id='word_1_132' title='bbox 1139 2299 1372 2378; x_wconf 88' lang='lat' dir='ltr'><strong><em>Vespasianus:</em></strong></span> 
     </span>
     <span class='ocr_line' id='line_1_20' title="bbox 277 2394 1373 2476; baseline 0.005 -26"><span class='ocrx_word' id='word_1_133' title='bbox 277 2399 332 2449; x_wconf 63' lang='lat' dir='ltr'><strong><em>tam</em></strong></span> <span class='ocrx_word' id='word_1_134' title='bbox 369 2395 560 2455; x_wconf 84' lang='lat' dir='ltr'><strong><em>sententiam</em></strong></span> <span class='ocrx_word' id='word_1_135' title='bbox 599 2396 857 2458; x_wconf 88' lang='lat' dir='ltr'><strong><em>modestissimus</em></strong></span> <span class='ocrx_word' id='word_1_136' title='bbox 896 2398 1032 2476; x_wconf 89' lang='lat' dir='ltr'><strong><em>quisque</em></strong></span> <span class='ocrx_word' id='word_1_137' title='bbox 1070 2396 1214 2473; x_wconf 89' lang='lat' dir='ltr'><strong><em>silentio,</em></strong></span> <span class='ocrx_word' id='word_1_138' title='bbox 1256 2394 1373 2456; x_wconf 89' lang='lat' dir='ltr'><strong><em>deinde</em></strong></span> 
     </span>
     <span class='ocr_line' id='line_1_21' title="bbox 253 2479 1426 2574; baseline 0.012 -29"><span class='ocrx_word' id='word_1_139' title='bbox 253 2479 378 2550; x_wconf 81' lang='lat' dir='ltr'><strong><em>toblivio</em></strong></span> <span class='ocrx_word' id='word_1_140' title='bbox 398 2493 589 2570; x_wconf 89' lang='lat' dir='ltr'><strong><em>transmisit;</em></strong></span> <span class='ocrx_word' id='word_1_141' title='bbox 611 2493 714 2573; x_wconf 86' lang='lat' dir='ltr'><strong><em>fuere,</em></strong></span> <span class='ocrx_word' id='word_1_142' title='bbox 736 2495 793 2574; x_wconf 88' lang='lat' dir='ltr'><strong><em>qui</em></strong></span> <span class='ocrx_word' id='word_1_143' title='bbox 814 2500 846 2556; x_wconf 91' lang='lat' dir='ltr'><strong><em>et</em></strong></span> <span class='ocrx_word' id='word_1_144' title='bbox 867 2495 1098 2555; x_wconf 87' lang='lat' dir='ltr'><strong><em>meminissent.</em></strong></span> <span class='ocrx_word' id='word_1_145' title='bbox 1121 2495 1205 2554; x_wconf 85' lang='lat' dir='ltr'><strong><em>Tum</em></strong></span> <span class='ocrx_word' id='word_1_146' title='bbox 1226 2493 1372 2554; x_wconf 89' lang='lat' dir='ltr'><strong><em>invectus</em></strong></span> <span class='ocrx_word' id='word_1_147' title='bbox 1388 2498 1426 2558; x_wconf 90' lang='lat'><strong><em>10</em></strong></span> 
     </span>
     <span class='ocr_line' id='line_1_22' title="bbox 276 2585 1371 2671; baseline 0.006 -27"><span class='ocrx_word' id='word_1_148' title='bbox 276 2587 312 2643; x_wconf 81' lang='lat' dir='ltr'><strong><em>ss</em></strong></span> <span class='ocrx_word' id='word_1_149' title='bbox 338 2585 503 2651; x_wconf 87' lang='lat' dir='ltr'><strong><em>Musonius</em></strong></span> <span class='ocrx_word' id='word_1_150' title='bbox 531 2591 634 2653; x_wconf 89' lang='lat' dir='ltr'><strong><em>Rufus</em></strong></span> <span class='ocrx_word' id='word_1_151' title='bbox 662 2593 696 2653; x_wconf 91' lang='lat' dir='ltr'><strong><em>in</em></strong></span> <span class='ocrx_word' id='word_1_152' title='bbox 725 2592 878 2653; x_wconf 90' lang='lat' dir='ltr'><strong><em>Publium</em></strong></span> <span class='ocrx_word' id='word_1_153' title='bbox 906 2593 1065 2669; x_wconf 84' lang='lat' dir='ltr'><strong><em>Celerem,</em></strong></span> <span class='ocrx_word' id='word_1_154' title='bbox 1097 2612 1116 2653; x_wconf 88' lang='lat' dir='ltr'><strong><em>a</em></strong></span> <span class='ocrx_word' id='word_1_155' title='bbox 1144 2611 1209 2671; x_wconf 93' lang='lat' dir='ltr'><strong><em>quo</em></strong></span> <span class='ocrx_word' id='word_1_156' title='bbox 1236 2591 1371 2651; x_wconf 87' lang='lat' dir='ltr'><strong><em>Baream</em></strong></span> 
     </span>
     <span class='ocr_line' id='line_1_23' title="bbox 276 2674 1372 2766; baseline 0.006 -25"><span class='ocrx_word' id='word_1_157' title='bbox 276 2674 414 2746; x_wconf 83' lang='lat' dir='ltr'><strong><em>Somnum</em></strong></span> <span class='ocrx_word' id='word_1_158' title='bbox 435 2687 516 2750; x_wconf 87' lang='lat' dir='ltr'><strong><em>falso</em></strong></span> <span class='ocrx_word' id='word_1_159' title='bbox 536 2691 721 2751; x_wconf 89' lang='lat' dir='ltr'><strong><em>testimonio</em></strong></span> <span class='ocrx_word' id='word_1_160' title='bbox 742 2691 998 2751; x_wconf 86' lang='lat' dir='ltr'><strong><em>circumventum</em></strong></span> <span class='ocrx_word' id='word_1_161' title='bbox 1021 2690 1182 2766; x_wconf 89' lang='lat' dir='ltr'><strong><em>arguebat.</em></strong></span> <span class='ocrx_word' id='word_1_162' title='bbox 1204 2689 1252 2749; x_wconf 83' lang='lat' dir='ltr'><strong><em>Eu</em></strong></span> <span class='ocrx_word' id='word_1_163' title='bbox 1266 2688 1372 2764; x_wconf 89' lang='lat' dir='ltr'><strong><em>cogni-</em></strong></span> 
     </span>
     <span class='ocr_line' id='line_1_24' title="bbox 276 2774 1371 2864; baseline 0.006 -24"><span class='ocrx_word' id='word_1_164' title='bbox 276 2774 345 2843; x_wconf 71' lang='lat' dir='ltr'><strong><em>tione</em></strong></span> <span class='ocrx_word' id='word_1_165' title='bbox 370 2786 517 2847; x_wconf 84' lang='lat' dir='ltr'><strong><em>renovari</em></strong></span> <span class='ocrx_word' id='word_1_166' title='bbox 545 2786 619 2849; x_wconf 89' lang='lat' dir='ltr'><strong><em>odia</em></strong></span> <span class='ocrx_word' id='word_1_167' title='bbox 645 2789 890 2849; x_wconf 87' lang='lat' dir='ltr'><strong><em>accusationum</em></strong></span> <span class='ocrx_word' id='word_1_168' title='bbox 918 2788 1126 2864; x_wconf 79' lang='lat' dir='ltr'><strong><em>videbantur3</em></strong></span> <span class='ocrx_word' id='word_1_169' title='bbox 1154 2787 1209 2848; x_wconf 90' lang='lat' dir='ltr'><strong><em>sed</em></strong></span> <span class='ocrx_word' id='word_1_170' title='bbox 1237 2786 1311 2847; x_wconf 89' lang='lat' dir='ltr'><strong><em>vilis</em></strong></span> <span class='ocrx_word' id='word_1_171' title='bbox 1340 2791 1371 2847; x_wconf 89' lang='lat' dir='ltr'><strong><em>et</em></strong></span> 
     </span>
     <span class='ocr_line' id='line_1_25' title="bbox 274 2871 1371 2966; baseline 0.009 -32"><span class='ocrx_word' id='word_1_172' title='bbox 274 2871 372 2941; x_wconf 75' lang='lat' dir='ltr'><strong><em>bocens</em></strong></span> <span class='ocrx_word' id='word_1_173' title='bbox 401 2902 474 2944; x_wconf 89' lang='lat' dir='ltr'><strong><em>reus</em></strong></span> <span class='ocrx_word' id='word_1_174' title='bbox 500 2887 622 2964; x_wconf 81' lang='lat' dir='ltr'><strong><em>protegi</em></strong></span> <span class='ocrx_word' id='word_1_175' title='bbox 643 2906 709 2947; x_wconf 92' lang='lat' dir='ltr'><strong><em>non</em></strong></span> <span class='ocrx_word' id='word_1_176' title='bbox 730 2891 864 2966; x_wconf 87' lang='lat' dir='ltr'><strong><em>poterat.</em></strong></span> <span class='ocrx_word' id='word_1_177' title='bbox 893 2887 1021 2966; x_wconf 75' lang='lat' dir='ltr'><strong><em>Quippe</em></strong></span> <span class='ocrx_word' id='word_1_178' title='bbox 1042 2886 1154 2947; x_wconf 78' lang='lat' dir='ltr'><strong><em>Sorani</em></strong></span> <span class='ocrx_word' id='word_1_179' title='bbox 1175 2889 1285 2946; x_wconf 88' lang='lat' dir='ltr'><strong><em>sancta</em></strong></span> <span class='ocrx_word' id='word_1_180' title='bbox 1307 2903 1371 2944; x_wconf 92' lang='lat' dir='ltr'><strong><em>me-</em></strong></span> 
     </span>
     <span class='ocr_line' id='line_1_26' title="bbox 252 2959 1369 3064; baseline 0.013 -36"><span class='ocrx_word' id='word_1_181' title='bbox 252 2959 373 3056; x_wconf 79' lang='lat' dir='ltr'><strong><em>iuoria3</em></strong></span> <span class='ocrx_word' id='word_1_182' title='bbox 401 2980 493 3042; x_wconf 85' lang='lat' dir='ltr'><strong><em>Celer</em></strong></span> <span class='ocrx_word' id='word_1_183' title='bbox 520 2984 681 3063; x_wconf 88' lang='lat' dir='ltr'><strong><em>professus</em></strong></span> <span class='ocrx_word' id='word_1_184' title='bbox 709 2985 918 3064; x_wconf 89' lang='lat' dir='ltr'><strong><em>sapientiam,</em></strong></span> <span class='ocrx_word' id='word_1_185' title='bbox 946 2984 1021 3045; x_wconf 89' lang='lat' dir='ltr'><strong><em>dein</em></strong></span> <span class='ocrx_word' id='word_1_186' title='bbox 1047 2984 1138 3045; x_wconf 88' lang='lat' dir='ltr'><strong><em>testis</em></strong></span> <span class='ocrx_word' id='word_1_187' title='bbox 1162 2984 1197 3042; x_wconf 91' lang='lat' dir='ltr'><strong><em>in</em></strong></span> <span class='ocrx_word' id='word_1_188' title='bbox 1218 2983 1369 3059; x_wconf 83' lang='lat' dir='ltr'><strong><em>Baream,</em></strong></span> 
     </span>
     <span class='ocr_line' id='line_1_27' title="bbox 279 3074 1369 3162; baseline -0.005 -17"><span class='ocrx_word' id='word_1_189' title='bbox 279 3074 398 3145; x_wconf 72' lang='lat' dir='ltr'><strong><em>proditor</em></strong></span> <span class='ocrx_word' id='word_1_190' title='bbox 419 3088 648 3162; x_wconf 88' lang='lat' dir='ltr'><strong><em>corruptorque</em></strong></span> <span class='ocrx_word' id='word_1_191' title='bbox 670 3084 844 3161; x_wconf 77' lang='lat' dir='ltr'><strong><em>amicitiae,</em></strong></span> <span class='ocrx_word' id='word_1_192' title='bbox 868 3084 959 3145; x_wconf 88' lang='lat' dir='ltr'><strong><em>cuius</em></strong></span> <span class='ocrx_word' id='word_1_193' title='bbox 980 3104 1012 3144; x_wconf 90' lang='lat' dir='ltr'><strong><em>sc</em></strong></span> <span class='ocrx_word' id='word_1_194' title='bbox 1035 3084 1224 3160; x_wconf 86' lang='lat' dir='ltr'><strong><em>magistrum</em></strong></span> <span class='ocrx_word' id='word_1_195' title='bbox 1239 3081 1369 3142; x_wconf 85' lang='lat' dir='ltr'><strong><em>ferebat.</em></strong></span> 
     </span>
     <span class='ocr_line' id='line_1_28' title="bbox 279 3163 1371 3257; baseline 0.005 -25"><span class='ocrx_word' id='word_1_196' title='bbox 279 3163 427 3238; x_wconf 86' lang='lat' dir='ltr'><strong><em>Proximus</em></strong></span> <span class='ocrx_word' id='word_1_197' title='bbox 457 3178 525 3240; x_wconf 79' lang='lat' dir='ltr'><strong><em>&lt;lies</em></strong></span> <span class='ocrx_word' id='word_1_198' title='bbox 556 3199 671 3242; x_wconf 89' lang='lat' dir='ltr'><strong><em>causae</em></strong></span> <span class='ocrx_word' id='word_1_199' title='bbox 702 3180 898 3257; x_wconf 64' lang='lat' dir='ltr'><strong><em>destinatum</em></strong></span> <span class='ocrx_word' id='word_1_200' title='bbox 930 3200 988 3241; x_wconf 90' lang='lat' dir='ltr'><strong><em>nec</em></strong></span> <span class='ocrx_word' id='word_1_201' title='bbox 1018 3185 1087 3241; x_wconf 91' lang='lat' dir='ltr'><strong><em>tam</em></strong></span> <span class='ocrx_word' id='word_1_202' title='bbox 1119 3178 1288 3238; x_wconf 86' lang='lat' dir='ltr'><strong><em>Musonius</em></strong></span> <span class='ocrx_word' id='word_1_203' title='bbox 1313 3183 1371 3237; x_wconf 92' lang='lat' dir='ltr'><strong><em>aut</em></strong></span> 
     </span>
     <span class='ocr_line' id='line_1_29' title="bbox 281 3260 1370 3356; baseline 0.005 -27"><span class='ocrx_word' id='word_1_204' title='bbox 281 3260 388 3335; x_wconf 81' lang='lat' dir='ltr'><strong><em>Publius</em></strong></span> <span class='ocrx_word' id='word_1_205' title='bbox 427 3295 525 3355; x_wconf 89' lang='lat' dir='ltr'><strong><em>quam</em></strong></span> <span class='ocrx_word' id='word_1_206' title='bbox 563 3279 689 3339; x_wconf 88' lang='lat' dir='ltr'><strong><em>Priscus</em></strong></span> <span class='ocrx_word' id='word_1_207' title='bbox 722 3285 754 3340; x_wconf 89' lang='lat' dir='ltr'><strong><em>et</em></strong></span> <span class='ocrx_word' id='word_1_208' title='bbox 784 3278 956 3340; x_wconf 88' lang='lat' dir='ltr'><strong><em>Marcellus</em></strong></span> <span class='ocrx_word' id='word_1_209' title='bbox 987 3278 1162 3356; x_wconf 90' lang='lat' dir='ltr'><strong><em>ceterique,</em></strong></span> <span class='ocrx_word' id='word_1_210' title='bbox 1201 3276 1297 3336; x_wconf 89' lang='lat' dir='ltr'><strong><em>motis</em></strong></span> <span class='ocrx_word' id='word_1_211' title='bbox 1328 3274 1370 3335; x_wconf 91' lang='lat' dir='ltr'><strong><em>ad</em></strong></span> 
     </span>
     <span class='ocr_line' id='line_1_30' title="bbox 283 3361 948 3459; baseline 0.017 -31"><span class='ocrx_word' id='word_1_212' title='bbox 283 3361 412 3433; x_wconf 75' lang='lat' dir='ltr'><strong><em>ultionem</em></strong></span> <span class='ocrx_word' id='word_1_213' title='bbox 435 3375 565 3451; x_wconf 88' lang='lat' dir='ltr'><strong><em>animis,</em></strong></span> <span class='ocrx_word' id='word_1_214' title='bbox 587 3378 848 3457; x_wconf 85' lang='lat' dir='ltr'><strong><em>expectabantur.</em></strong></span> <span class='ocrx_word' id='word_1_215' title='bbox 946 3455 948 3459; x_wconf 23' lang='grc' dir='ltr'>Ι</span> 
     </span>
     <span class='ocr_line' id='line_1_31' title="bbox 308 3462 1421 3552; baseline 0.006 -24"><span class='ocrx_word' id='word_1_216' title='bbox 308 3462 365 3529; x_wconf 82' lang='lat' dir='ltr'><strong><em>&#39;lali</em></strong></span> <span class='ocrx_word' id='word_1_217' title='bbox 390 3492 498 3533; x_wconf 89' lang='lat' dir='ltr'><strong><em>rerum</em></strong></span> <span class='ocrx_word' id='word_1_218' title='bbox 526 3479 628 3551; x_wconf 87' lang='lat' dir='ltr'><strong><em>statu,</em></strong></span> <span class='ocrx_word' id='word_1_219' title='bbox 658 3494 732 3536; x_wconf 90' lang='lat' dir='ltr'><strong><em>cum</em></strong></span> <span class='ocrx_word' id='word_1_220' title='bbox 760 3475 920 3536; x_wconf 88' lang='lat' dir='ltr'><strong><em>discordia</em></strong></span> <span class='ocrx_word' id='word_1_221' title='bbox 947 3475 1031 3535; x_wconf 90' lang='lat' dir='ltr'><strong><em>inter</em></strong></span> <span class='ocrx_word' id='word_1_222' title='bbox 1058 3478 1179 3552; x_wconf 73' lang='lat' dir='ltr'><strong><em>patreS,</em></strong></span> <span class='ocrx_word' id='word_1_223' title='bbox 1208 3472 1256 3532; x_wconf 89' lang='lat' dir='ltr'><strong><em>ira</em></strong></span> <span class='ocrx_word' id='word_1_224' title='bbox 1281 3469 1369 3550; x_wconf 90' lang='lat' dir='ltr'><strong><em>apud</em></strong></span> <span class='ocrx_word' id='word_1_225' title='bbox 1385 3475 1421 3535; x_wconf 90' lang='lat'><strong><em>11</em></strong></span> 
     </span>
    </p>
   </div>
   <div class='ocr_carea' id='block_1_3' title="bbox 286 3631 481 3679">
    <p class='ocr_par' dir='ltr' id='par_1_3' title="bbox 286 3631 481 3679">
     <span class='ocr_line' id='line_1_32' title="bbox 286 3631 481 3679; baseline 0 -42"><span class='ocrx_word' id='word_1_226' title='bbox 286 3653 410 3679; x_wconf 35' lang='lat'><strong><em>&amp;-</em></strong></span> <span class='ocrx_word' id='word_1_227' title='bbox 478 3631 481 3637; x_wconf 91' lang='lat'><em>.</em></span> 
     </span>
    </p>
   </div>
   <div class='ocr_carea' id='block_1_4' title="bbox 289 3797 1368 4314">
    <p class='ocr_par' dir='ltr' id='par_1_4' title="bbox 289 3797 1368 4217">
     <span class='ocr_line' id='line_1_33' title="bbox 309 3797 1368 3867; baseline 0.004 -9"><span class='ocrx_word' id='word_1_228' title='bbox 309 3797 327 3850; x_wconf 72' lang='lat' dir='ltr'><strong><em>i·</em></strong></span> <span class='ocrx_word' id='word_1_229' title='bbox 348 3810 461 3862; x_wconf 86' lang='lat' dir='ltr'><strong><em>mallebat</em></strong></span> <span class='ocrx_word' id='word_1_230' title='bbox 488 3811 518 3863; x_wconf 88' lang='lat' dir='ltr'><strong><em>F.</em></strong></span> <span class='ocrx_word' id='word_1_231' title='bbox 549 3841 577 3850; x_wconf 82' lang='lat'><em>-</em></span> <span class='ocrx_word' id='word_1_232' title='bbox 609 3813 634 3866; x_wconf 89' lang='lat'><strong><em>8.</em></strong></span> <span class='ocrx_word' id='word_1_233' title='bbox 663 3814 725 3865; x_wconf 79' lang='lat' dir='ltr'><strong><em>code</em></strong></span> <span class='ocrx_word' id='word_1_234' title='bbox 752 3816 781 3865; x_wconf 90' lang='lat' dir='ltr'><strong><em>F.</em></strong></span> <span class='ocrx_word' id='word_1_235' title='bbox 812 3847 844 3852; x_wconf 86' lang='lat'><strong><em>-—</em></strong></span> <span class='ocrx_word' id='word_1_236' title='bbox 871 3814 911 3867; x_wconf 81' lang='lat'><strong><em>1‘2.</em></strong></span> <span class='ocrx_word' id='word_1_237' title='bbox 939 3816 1027 3866; x_wconf 75' lang='lat' dir='ltr'><strong><em>conssul</em></strong></span> <span class='ocrx_word' id='word_1_238' title='bbox 1053 3833 1080 3866; x_wconf 82' lang='lat' dir='ltr'><strong><em>er</em></strong></span> <span class='ocrx_word' id='word_1_239' title='bbox 1103 3823 1164 3865; x_wconf 76' lang='lat' dir='ltr'><strong><em>cura</em></strong></span> <span class='ocrx_word' id='word_1_240' title='bbox 1188 3831 1249 3863; x_wconf 87' lang='lat' dir='ltr'><strong><em>eorr.</em></strong></span> <span class='ocrx_word' id='word_1_241' title='bbox 1277 3812 1305 3863; x_wconf 88' lang='lat' dir='ltr'><strong><em>F.</em></strong></span> <span class='ocrx_word' id='word_1_242' title='bbox 1337 3842 1368 3849; x_wconf 99' lang='lat'><em>-</em></span> 
     </span>
     <span class='ocr_line' id='line_1_34' title="bbox 289 3879 1366 3967; baseline 0.004 -20"><span class='ocrx_word' id='word_1_243' title='bbox 289 3879 315 3934; x_wconf 72' lang='lat'><strong><em>¹3·</em></strong></span> <span class='ocrx_word' id='word_1_244' title='bbox 335 3892 471 3964; x_wconf 80' lang='lat' dir='ltr'><strong><em>designatus</em></strong></span> <span class='ocrx_word' id='word_1_245' title='bbox 498 3901 527 3952; x_wconf 87' lang='lat' dir='ltr'><strong><em>F.</em></strong></span> <span class='ocrx_word' id='word_1_246' title='bbox 559 3932 589 3940; x_wconf 89' lang='lat'>-</span> <span class='ocrx_word' id='word_1_247' title='bbox 621 3905 661 3955; x_wconf 75' lang='lat'><strong><em>15.</em></strong></span> <span class='ocrx_word' id='word_1_248' title='bbox 690 3904 828 3956; x_wconf 76' lang='lat' dir='ltr'><strong><em>Vulcacius</em></strong></span> <span class='ocrx_word' id='word_1_249' title='bbox 850 3905 881 3956; x_wconf 90' lang='lat' dir='ltr'><strong><em>F.</em></strong></span> <span class='ocrx_word' id='word_1_250' title='bbox 911 3936 943 3943; x_wconf 87' lang='lat'><strong><em>·-</em></strong></span> <span class='ocrx_word' id='word_1_251' title='bbox 968 3904 1010 3959; x_wconf 73' lang='lat'><strong><em>20.</em></strong></span> <span class='ocrx_word' id='word_1_252' title='bbox 1040 3904 1169 3955; x_wconf 85' lang='lat' dir='ltr'><strong><em>obliuione</em></strong></span> <span class='ocrx_word' id='word_1_253' title='bbox 1193 3901 1306 3967; x_wconf 79' lang='lat' dir='ltr'><strong><em>Madrip.</em></strong></span> <span class='ocrx_word' id='word_1_254' title='bbox 1336 3928 1366 3936; x_wconf 88' lang='lat'><strong><em>-—</em></strong></span> 
     </span>
     <span class='ocr_line' id='line_1_35' title="bbox 301 3971 1368 4061; baseline 0.009 -26"><span class='ocrx_word' id='word_1_255' title='bbox 301 3971 317 4021; x_wconf 67' lang='lat' dir='ltr'><strong><em>i·</em></strong></span> <span class='ocrx_word' id='word_1_256' title='bbox 334 3986 397 4037; x_wconf 81' lang='lat' dir='ltr'><strong><em>uerba</em></strong></span> <span class='ocrx_word' id='word_1_257' title='bbox 419 3989 492 4040; x_wconf 88' lang='lat' dir='ltr'><strong><em>cuius</em></strong></span> <span class='ocrx_word' id='word_1_258' title='bbox 516 4006 543 4041; x_wconf 87' lang='lat' dir='ltr'><strong><em>se</em></strong></span> <span class='ocrx_word' id='word_1_259' title='bbox 567 3992 718 4058; x_wconf 80' lang='lat' dir='ltr'><strong><em>magistrum</em></strong></span> <span class='ocrx_word' id='word_1_260' title='bbox 743 3994 840 4045; x_wconf 82' lang='lat' dir='ltr'><strong><em>ferebat</em></strong></span> <span class='ocrx_word' id='word_1_261' title='bbox 860 4001 918 4061; x_wconf 89' lang='lat' dir='ltr'><strong><em>post</em></strong></span> <span class='ocrx_word' id='word_1_262' title='bbox 940 3995 1050 4045; x_wconf 78' lang='lat' dir='ltr'><strong><em>Baream</em></strong></span> <span class='ocrx_word' id='word_1_263' title='bbox 1071 3993 1181 4060; x_wconf 76' lang='lat' dir='ltr'><strong><em>ponebat</em></strong></span> <span class='ocrx_word' id='word_1_264' title='bbox 1203 3991 1308 4045; x_wconf 75' lang='lat' dir='ltr'><strong><em>Urlichs.</em></strong></span> <span class='ocrx_word' id='word_1_265' title='bbox 1335 4019 1368 4026; x_wconf 86' lang='grc'><strong>-</strong></span> 
     </span>
     <span class='ocr_line' id='line_1_36' title="bbox 290 4049 1368 4147; baseline 0.002 -21"><span class='ocrx_word' id='word_1_266' title='bbox 290 4049 318 4109; x_wconf 66' lang='lat'><strong><em>²9·</em></strong></span> <span class='ocrx_word' id='word_1_267' title='bbox 336 4070 360 4120; x_wconf 60' lang='lat' dir='ltr'><strong><em>fid</em></strong></span> <span class='ocrx_word' id='word_1_268' title='bbox 380 4076 500 4129; x_wconf 86' lang='lat' dir='ltr'><strong><em>ultionem</em></strong></span> <span class='ocrx_word' id='word_1_269' title='bbox 523 4079 595 4147; x_wconf 85' lang='lat' dir='ltr'><strong><em>Lips.</em></strong></span> <span class='ocrx_word' id='word_1_270' title='bbox 615 4081 774 4133; x_wconf 86' lang='lat' dir='ltr'><strong><em>adulationib</em></strong></span> <span class='ocrx_word' id='word_1_271' title='bbox 792 4082 815 4132; x_wconf 92' lang='lat' dir='ltr'><strong>F</strong></span> <span class='ocrx_word' id='word_1_272' title='bbox 833 4085 906 4146; x_wconf 82' lang='lat' dir='ltr'><strong><em>(corr.</em></strong></span> <span class='ocrx_word' id='word_1_273' title='bbox 927 4102 954 4133; x_wconf 82' lang='lat' dir='ltr'><strong><em>er</em></strong></span> <span class='ocrx_word' id='word_1_274' title='bbox 972 4082 1136 4141; x_wconf 75' lang='lat' dir='ltr'><strong><em>adulatione).</em></strong></span> <span class='ocrx_word' id='word_1_275' title='bbox 1163 4112 1196 4118; x_wconf 98' lang='lat'><em>-</em></span> <span class='ocrx_word' id='word_1_276' title='bbox 1215 4080 1257 4133; x_wconf 84' lang='lat'><strong><em>30.</em></strong></span> <span class='ocrx_word' id='word_1_277' title='bbox 1283 4087 1368 4145; x_wconf 87' lang='lat' dir='ltr'><strong><em>patres</em></strong></span> 
     </span>
     <span class='ocr_line' id='line_1_37' title="bbox 291 4138 417 4217; baseline 0.04 -5"><span class='ocrx_word' id='word_1_278' title='bbox 291 4138 374 4212; x_wconf 66' lang='lat' dir='ltr'><strong><em>iuris</em></strong></span> <span class='ocrx_word' id='word_1_279' title='bbox 390 4165 417 4217; x_wconf 79' lang='lat' dir='ltr'><strong><em>s.</em></strong></span> 
     </span>
    </p>

    <p class='ocr_par' dir='ltr' id='par_1_5' title="bbox 315 4250 1259 4314">
     <span class='ocr_line' id='line_1_38' title="bbox 315 4250 1259 4314; baseline 0.008 -8"><span class='ocrx_word' id='word_1_280' title='bbox 315 4250 445 4307; x_wconf 60' lang='lat' dir='ltr'><strong><em>Musmrrs</em></strong></span> <span class='ocrx_word' id='word_1_281' title='bbox 464 4271 591 4310; x_wconf 74' lang='lat' dir='ltr'><strong><em>merrus.</em></strong></span> <span class='ocrx_word' id='word_1_282' title='bbox 611 4260 663 4310; x_wconf 91' lang='grc' dir='ltr'><strong>ΙΙΙ.</strong></span> <span class='ocrx_word' id='word_1_283' title='bbox 1233 4265 1259 4314; x_wconf 86' lang='lat' dir='ltr'><strong><em>ll</em></strong></span> 
     </span>
    </p>
   </div>
   <div class='ocr_carea' id='block_1_5' title="bbox 0 0 1749 4909">
    <p class='ocr_par' dir='ltr' id='par_1_6' title="bbox 0 0 1749 4909">
     <span class='ocr_line' id='line_1_39' title="bbox 0 0 1749 4909; baseline 0 0"><span class='ocrx_word' id='word_1_284' title='bbox 0 0 1749 4909; x_wconf 95' lang='lat' dir='ltr'><strong><em> </em></strong></span> 
     </span>
    </p>
   </div>
  </div>
 </body>
</html>
