3409 4909
785 448 840 506 241

293 638 411 697 Statori.
441 636 507 697 Cal.
536 638 583 696 43.
608 636 794 697 admonItus
817 636 857 697 de
878 635 1060 714 supplendo
1082 654 1216 696 numero
1238 637 1374 699 Batavo·
1441 724 1445 731 .

251 755 341 810 rum,
364 754 444 813 quos
466 735 550 794 circa
571 754 604 794 se
626 734 782 810 habebat,
804 734 1020 813 expeditionis
1042 734 1252 796 Germanicae
1273 735 1374 815 impe-

230 839 323 893 ·tum
345 834 438 911 cepit.
1071 842 1076 854 ‘
1125 842 1132 853 “

291 1037 477 1097 Ammianoa
498 1036 703 1096 Marcellinus.
726 1036 815 1096 XVI.
840 1036 886 1095 12.
908 1037 955 1095 42.
978 1036 1017 1101 45
1040 1036 1245 1114 (describitur
1263 1057 1371 1116 pugna

250 1154 327 1194 cum
356 1133 546 1194 Alamannis
575 1154 602 1193 a.
631 1132 688 1198 357
718 1154 748 1213 p.
778 1133 852 1193 Chr.
882 1153 911 1193 n.
942 1134 1127 1211 commissa)
1156 1153 1222 1213 quo
1246 1136 1373 1212 cognito

251 1236 308 1309 (sc.
328 1231 471 1310 periculo
486 1231 690 1310 quarundam
706 1231 888 1310 copiarum)
903 1230 1101 1310 opitulatum
1117 1232 1373 1293 conturmalibus
1399 1242 1402 1246 ’

250 1330 319 1388 suis
354 1328 448 1389 celeri
476 1348 570 1389 cursu
599 1329 715 1390 Batavi
743 1347 858 1389 venere
886 1348 961 1389 oum
987 1328 1129 1407 regibus,
1158 1329 1373 1391 formidabilis

250 1445 384 1501 manus,
413 1431 575 1486 extremae
603 1427 801 1487 necessitatis
831 1426 967 1487 articulo
995 1428 1246 1504 circumventos,
1277 1429 1303 1488 si
1325 1429 1372 1488 iu-

251 1523 351 1583 visset
372 1523 452 1599 forS,
475 1527 631 1601 ereptura.

292 1719 334 1779 ib.
363 1720 486 1779 XXXI.
517 1718 585 1780 139
612 1672 750 1798 hocque¹
766 1718 877 1779 audito
899 1719 1011 1780 Victor
1032 1720 1163 1780 nomine
1185 1739 1291 1781 comes
1313 1721 1372 1779 Ba-

250 1824 343 1879 tavos
372 1819 404 1877 ln
433 1817 584 1878 subsidiis
609 1816 730 1878 locatos
751 1815 841 1877 haud
862 1817 976 1895 procul
996 1816 1036 1877 ad
1058 1817 1262 1897 imperatoris
1284 1838 1373 1897 prae-

249 1915 372 1976 sidium
406 1916 523 1994 raptim
557 1933 666 1991 cogere
698 1933 889 1993 properans,
925 1934 1000 1975 cum
1032 1915 1177 1976 inuenire
1208 1916 1372 1976 neminem

250 2019 375 2093 posset,
397 2012 545 2089 gradiens
566 2018 650 2073 retro
672 2010 826 2072 discessIt.

801 2141 808 2152 ¹
988 2141 1001 2165 0

291 2198 333 2259 ib.
356 2198 428 2258 XX.
452 2199 507 2258 1.3.
531 2204 619 2259 moto
640 2199 738 2276 igitur
758 2197 886 2259 uelitari
900 2198 1040 2275 auxilio,
1062 2198 1190 2259 Aerulis
1205 2199 1327 2260 scilicet
1342 2203 1373 2259 et
1403 2226 1409 2233 ·

250 2297 383 2358 Batavis
405 2297 611 2376 numerisque
634 2297 868 2358 Moesiacorum
890 2296 1018 2358 duobus
1035 2333 1075 2341 —
1093 2297 1160 2357 dux
1177 2303 1252 2359 ante
1266 2297 1372 2358 dictas

252 2396 432 2455 Bononiam
453 2395 542 2455 venit
564 2401 621 2455 cet.

293 2493 399 2553 Etiam
429 2492 502 2551 XX.
531 2493 589 2551 4.1.
618 2498 838 2552 memorantur
867 2493 1039 2553 auxiliares
1068 2493 1187 2553 milites
1208 2493 1319 2553 Aeruli
1342 2498 1373 2553 et
1484 2509 1487 2514 ⁴

252 2590 366 2651 Batavi
397 2589 437 2649 ad
467 2610 494 2648 a.
524 2589 583 2649 360
609 2610 639 2668 p.
669 2589 742 2650 Chr.
771 2610 803 2649 n.
832 2590 873 2651 ib.
902 2590 1042 2650 XXVII.
1073 2591 1100 2650 1.
1129 2592 1157 2650 5.
1185 2595 1259 2668 post
1280 2591 1371 2650 cuius

251 2690 307 2763 (sc.
331 2686 511 2763 charietto,
539 2706 595 2765 per
616 2692 786 2765 utramque
809 2686 1016 2747 Germaniam
1039 2687 1182 2764 comitis)
1204 2687 1369 2747 interitum

251 2784 444 2845 Aerulorum
474 2785 736 2864 Batauorumque
764 2783 923 2845 uexillum
951 2784 1130 2864 direptum,
1159 2784 1247 2864 quod
1272 2785 1369 2845 insul-

250 2882 350 2943 tando
378 2881 592 2961 tripudiantes
620 2882 747 2950 barbari
775 2881 884 2942 crebro
913 2882 1077 2943 sublatum
1107 2882 1204 2943 altius
1226 2882 1371 2943 ostende-

250 2982 344 3056 bant,
378 2986 452 3058 post
483 2981 659 3040 certamina
686 2986 851 3058 receptum
881 2985 929 3040 est
956 3000 1082 3057 magna.
1111 2981 1153 3041 ib.
1182 2982 1209 3041 8.
1240 2983 1266 3043 7.
1296 3000 1370 3041 cum

251 3079 413 3138 consecuti
435 3077 550 3138 Batavi
574 3079 736 3139 venissent
757 3083 789 3138 et
813 3078 920 3139 Aeruli
944 3079 1091 3157 Iouiique
1107 3083 1138 3138 et
1154 3079 1297 3154 Victores
1312 3085 1370 3140 cet.

685 3300 938 3343 INSCRIP'PIONES.

291 3478 506 3556 Epitaphium
529 3477 671 3538 Voculae
693 3478 729 3554 cs.
753 3477 839 3538 Hist.
862 3478 917 3537 IV.
934 3477 1060 3538 24-59.
1085 3477 1245 3537 Wilmans
1269 3479 1369 3538 1114.

252 3576 392 3635 Henzen.
415 3577 503 3637 5426.
525 3576 559 3636 C.
582 3576 607 3635 I.
632 3577 664 3635 L.
688 3576 743 3642 VI.
767 3575 853 3635 1402.

291 3672 325 3730 C.
355 3671 463 3732 Dillio
492 3674 530 3733 A.
560 3674 594 3732 F.
623 3672 686 3733 Ser.
710 3671 861 3732 Voculae.
883 3671 956 3731 trib.
978 3672 1045 3730 mil.
1069 3671 1126 3748 leg.
1149 3673 1175 3731 I.
1198 3660 1276 3732 ΠΠ.
1301 3672 1370 3731 uiro

249 3770 388 3830 uiarum.
414 3770 581 3829 curandar.
604 3790 633 3848 q.
655 3771 799 3848 prouinc.
823 3769 916 3829 Ponti
939 3775 970 3830 et
991 3769 1173 3846 Bithyniae.
1197 3775 1234 3830 tr.
1257 3768 1300 3847 pl.
1323 3789 1369 3846 pr.

249 3868 308 3942 leg.
338 3868 370 3926 in
401 3867 575 3927 Germania
596 3867 653 3944 leg.
677 3867 776 3927 XXII
799 3866 1019 3942 Primigeniae.
1043 3865 1171 3925 Heluia.
1195 3866 1229 3925 T.
1253 3866 1273 3925 f.
1297 3866 1371 3925 Pro-

249 3965 322 4024 cula
343 3984 426 4025 uxor
449 3965 532 4024 iecit.

285 4263 444 4300 (araxenus
463 4265 583 4300 raorrus
604 4250 655 4300 Ill.
