3409 4909
281 475 306 523 P·
328 456 377 507 Ch.
397 455 442 518 69)
627 472 855 516 Hrsroumnuu
877 456 903 515 Ι.
925 456 1053 516 51-53.
1365 454 1405 515 29

280 640 454 702 adlevatae
475 644 585 716 notae,
614 639 709 718 plura
730 640 917 717 ambitioni,
940 640 1100 719 quaedam
1122 639 1257 716 iudicia,
1279 641 1313 701 in
1335 642 1404 720 qui-

280 739 343 801 bus
372 737 483 800 sordes
508 742 539 798 et
568 737 739 798 avaritiam
765 738 880 799 Fontei
909 738 1075 817 Capitonis
1100 738 1281 799 adimendis
1302 738 1405 816 adsig-

280 834 441 897 nandisve
462 834 598 896 militiae
615 834 784 896 ordinibus
798 836 919 913 integre
933 841 1124 897 mutaverat.
1147 836 1212 897 Nec
1227 836 1404 897 consularis

279 934 379 1012 legati
407 952 575 1010 mensura,
604 933 659 995 sed
686 934 721 994 in
748 935 855 995 maius
883 935 993 995 omnia
1020 934 1269 1013 accipiebantur.
1299 936 1340 995 Et
1368 940 1405 995 ut

248 1044 263 1095 5
281 1031 436 1093 Vitellius
457 1030 546 1110 apud
567 1050 693 1093 severos
714 1032 865 1109 humilis,
887 1032 932 1094 ita
954 1033 1140 1094 comitatem
1161 1032 1405 1112 bonitatemque

280 1130 428 1191 faventes
458 1128 635 1206 vocabant,
667 1128 755 1209 quod
787 1130 856 1191 sine
883 1129 997 1208 modo,
1029 1131 1097 1191 sine
1125 1130 1245 1191 iudicio
1271 1130 1404 1192 donaret

280 1247 358 1305 sua,
387 1227 557 1305 largiretur
584 1227 705 1305 aliena,
734 1228 833 1289 simul
855 1228 1009 1290 aviditate
1029 1228 1212 1307 imperandi
1233 1229 1304 1307 ipsa
1326 1229 1405 1290 vitia

281 1345 340 1406 pro
369 1325 544 1387 virtutibus
571 1326 876 1405 interpretabantur.
909 1326 1006 1388 Multi
1033 1327 1068 1388 in
1096 1332 1233 1405 utroque
1261 1328 1405 1388 exercitu

281 1425 369 1485 sicut
399 1421 537 1484 modesti
565 1423 745 1503 quietique,
778 1424 824 1485 ita
852 1423 932 1485 mali
959 1429 991 1485 et
1018 1426 1150 1485 strenui.
1182 1424 1245 1485 Sed
1272 1424 1406 1503 profusa

236 1532 264 1586 10
280 1520 436 1601 cupidine
464 1526 495 1584 et
522 1522 641 1599 insigni
662 1522 842 1583 temeritate
864 1522 960 1599 legati
981 1521 1143 1599 legionum
1173 1522 1307 1582 Alienus
1330 1523 1405 1584 Cae·

281 1620 356 1680 cina
384 1624 416 1679 et
442 1618 561 1678 Fabius
590 1618 725 1695 Valens,
755 1639 772 1680 e
800 1619 918 1698 quibus
948 1618 1067 1679 Valens
1094 1619 1239 1680 infensus
1268 1618 1404 1690 Galbae,

280 1724 453 1797 tamquam
484 1715 644 1778 detectam
675 1736 693 1776 a
724 1736 756 1778 se
788 1718 932 1795 Verginii
964 1718 1219 1790 cunctationem,
1255 1736 1406 1797 oppressa

281 1816 451 1896 Capitonis
473 1815 607 1876 consilia
627 1816 751 1892 ingrate
772 1815 915 1891 tulisset,
937 1815 1089 1892 instigare
1107 1814 1293 1891 Vitellium,
1316 1815 1407 1875 ardo·

281 1934 352 1975 rem
383 1913 527 1975 militurn
556 1918 730 1974 ostentans.
758 1913 866 1991 Ipsam
893 1912 995 1974 celebri
1021 1913 1128 1991 abique
1150 1912 1256 1990 ,tantm
1288 1913 1404 1974 nnllam

234 2022 265 2073 15
282 2013 318 2073 in
339 2012 447 2072 Flacco
467 1993 641 2072 Hordeonio
661 2032 797 2087 moran·
818 2012 925 2089 adfore
945 2012 1161 2089 Britanniam,
1183 2020 1319 2071 seratura
1336 2011 1406 2072 Ger·

281 2130 444 2172 ntanornrn
465 2110 604 2184 anaiiia;
631 2110 711 2170 mata
726 2109 810 2188 fidae
826 2110 1017 2188 provinciae,
1034 2111 1210 2188 precariam
1230 2110 1294 2170 aeni
1314 2110 1406 2188 irnpe-

282 2209 367 2269 riam
397 2215 424 2268 et
451 2206 530 2267 breui
559 2208 768 2267 transituram.
803 2207 955 2267 Funderet
981 2207 1067 2267 niodo
1094 2208 1196 2267 einana
1223 2215 1249 2267 et
1276 2208 1407 2267 uenienti

283 2305 438 2365 Fortunae
452 2313 619 2366 semineret.
635 2304 745 2365 Merito
760 2305 909 2365 dubitasse
930 2305 1114 2382 Verginiam,
1129 2305 1255 2383 equestri
1266 2304 1405 2382 familia,

236 2409 239 2416 '
282 2403 385 2481 iprtoto
402 2410 507 2481 patre,
536 2402 690 2481 inparem,
719 2403 917 2481 aireeepiaaet
937 2403 1113 2481 imperinm,
1145 2410 1258 2478 tntum,
1280 2404 1307 2462 ai
1327 2423 1406 2463 rern-

232 2510 265 2565 20
282 2509 384 2562 suaet.
414 2500 532 2560 Vitellio
554 2509 611 2561 tres
628 2502 731 2579 patrie
744 2502 916 2561 consolatus
929 2520 1084 2561 cenanrarn
1098 2500 1255 2578 collegium
1269 2501 1406 2560 Caesaris

283 2606 310 2659 et
337 2599 482 2676 inponere
508 2597 690 2675 iampridem
717 2597 908 2676 imperatorie
928 2598 1135 2675 dipnationern
1155 2605 1182 2657 et
1203 2597 1322 2674 anferre
1338 2598 1405 2676 pri-

282 2697 348 2756 vati
375 2695 571 2756 enaritatem.
601 2695 815 2766 Quatiebatur
835 2696 886 2756 his
908 2715 1001 2773 segne
1022 2696 1204 2772 ingenium,
1233 2700 1269 2755 ut
1291 2714 1405 2755 oonou-
1420 2700 1458 2761 53

283 2795 422 2874 pisceret
442 2792 560 2871 magis,
582 2814 680 2873 quam
702 2799 739 2855 ut
760 2799 910 2873 speraret.
933 2796 977 2855 At
997 2795 1031 2853 in
1053 2794 1215 2872 superiore
1232 2793 1404 2853 Germania

284 2892 440 2967 Caecina,
462 2890 596 2953 decorus
616 2892 765 2969 iuventa,
788 2911 919 2971 corpore
940 2892 1068 2969 ingens,
1091 2891 1192 2951 animi
1206 2891 1404 2969 inmodicae,

232 3001 264 3055 25
283 2989 365 3050 seito
403 3008 565 3067 sermone,
604 2994 707 3050 erecto
746 2990 888 3067 incessu,
926 2987 1034 3049 studia
1065 2988 1208 3050 militum
1239 2990 1404 3050 inlexerat.

284 3086 386 3148 Hunc
414 3087 595 3164 [iuvenem]
625 3086 745 3163 Galba,
774 3093 977 3167 quaestorem
998 3087 1033 3147 in
1054 3088 1198 3163 Baetica,
1226 3088 1350 3166 inpigre
1371 3087 1406 3147 in

284 3189 393 3263 partes
414 3204 488 3245 suas
509 3190 742 3262 transgressum
762 3184 881 3263 legioni
901 3186 1101 3264 praeposuit:
1124 3205 1202 3245 mox
1216 3190 1405 3263 conpertum

284 3282 451 3361 publicam
479 3283 652 3361 pecuniam
673 3283 825 3343 avertisse
846 3288 884 3343 ut
905 3282 1123 3361 peculatorem
1145 3282 1282 3359 flagitari
1303 3283 1404 3342 iussit.
1453 3272 1455 3274 ¹

285 3380 425 3441 Caecina
451 3398 542 3457 aegre
569 3398 683 3459 passus
712 3380 844 3440 miseere
873 3385 989 3440 cuneta
1010 3385 1042 3440 et
1062 3380 1188 3458 privata
1209 3380 1340 3440 volnera
1361 3380 1406 3439 rei

321 3630 347 3682 2.
367 3631 456 3683 sordes
473 3632 611 3683 Acidaliae
629 3632 703 3683 sorde
721 3633 744 3683 F
762 3631 863 3682 sordem
882 3632 936 3682 cdd.
956 3632 1063 3697 aequior.
1085 3660 1117 3666 —
1137 3628 1279 3679 adimendis
1294 3658 1326 3665 —-
1340 3628 1406 3678 ordi-

286 3720 363 3771 nibus
380 3721 482 3771 aeelaait
498 3720 579 3788 Nipp.
599 3721 626 3771 in
645 3720 788 3771 adimendis
806 3720 898 3771 Ritter.
919 3750 951 3756 -
972 3721 995 3771 7.
1015 3718 1158 3784 imperandi
1178 3719 1200 3769 F
1217 3720 1258 3782 (ra
1274 3718 1404 3767 evanidam

286 3808 333 3873 eat)
357 3809 514 3876 impetrandi
537 3810 660 3877 Agricola
684 3810 708 3860 ei
733 3809 841 3875 parendi
867 3808 961 3859 Maian⁴
985 3808 1077 3873 imperi
1102 3807 1179 3857 dandi
1204 3807 1284 3873 Nipp.
1298 3808 1406 3872 fortasse

286 3898 379 3965 imperi
398 3898 523 3950 mutandi.
551 3929 583 3936 -
605 3901 645 3950 11.
665 3898 775 3968 etlbius
793 3899 823 3950 F.
850 3928 883 3934 —
905 3898 945 3949 14.
965 3897 1099 3947 obtentam
1118 3897 1148 3947 F.
1170 3927 1202 3933 —-
1223 3898 1263 3949 15.
1285 3896 1406 3945 adioreF

286 3996 406 4040 secutura
425 3987 467 4039 Fl.
493 4018 526 4025 -
547 3990 588 4041 16.
613 3988 701 4053 pcarib
720 3989 742 4039 F
762 3988 788 4047 lb
806 3989 834 4037 in
853 3993 870 4036 ir
888 3994 984 4037 rreatata
1003 3988 1056 4050 est).
1077 4017 1110 4023 --
1132 3985 1171 4038 19.
1191 3986 1241 4035 tito
1259 3986 1289 4035 F.
1311 4015 1343 4021 —
1363 3983 1405 4035 ⁸23.

286 4077 321 4129 ad
335 4078 366 4129 F.
387 4107 421 4114 -
437 4076 480 4128 24.
500 4077 607 4129 decorus
622 4077 728 4128 iuventa
745 4078 786 4144 (cf.
805 4078 883 4141 Verg.
896 4078 960 4126 Aen.
971 4075 1020 4125 IV.
1033 4074 1095 4139 599)
1105 4075 1212 4125 decorus
1222 4074 1312 4123 Baiter
1322 4072 1406 4123 decori

285 4168 317 4219 F.
337 4197 370 4205 -
389 4166 433 4219 25.
453 4167 515 4217 scito
533 4166 605 4233 Lips.
624 4168 674 4218 cito
693 4167 723 4217 F.
744 4197 777 4203 -
796 4165 838 4218 96.
861 4165 1000 4232 [iuuenem]
1020 4164 1119 4215 seclrrsit
1137 4163 1218 4230 Nipp.
