3409 4909
281 502 308 551 p.
331 483 379 534 Ch.
399 482 444 549 69)
632 497 862 541 nrsnoaraat'u
884 480 909 540 I.
934 479 1060 540 19-23.
1369 479 1407 539 13

281 670 421 729 incoenern
441 668 562 745 inpenio
583 676 693 727 tracen
714 676 741 727 et
756 667 841 745 lonpo
856 667 943 727 exilio
957 667 1121 745 efferatam.
1146 665 1248 726 arctat
1265 665 1408 726 Otlronenr

277 786 372 845 posse.
401 765 536 826 Proinde
564 765 713 843 apendnrn
741 764 985 843 credendumque,
1015 764 1087 824 dant
1113 763 1224 824 Galbae
1244 764 1407 824 auctoritas

277 866 383 943 flrcrca,
411 863 534 924 Pisonis
558 863 694 923 nondum
722 863 885 923 coaluisset.
916 861 1228 941 Oportanosanapnie
1255 860 1408 920 conatibus

284 962 434 1021 transitus
454 981 574 1035 ranan·
595 980 646 1021 nec
667 961 854 1021 arrraactone
874 979 962 1039 opas,
983 958 1035 1019 nbi
1051 958 1248 1037 perniciosior
1267 958 1307 1017 ait
1327 958 1407 1036 arcies

255 1070 377 1137 bqicam
400 1059 563 1119 temeritas.
579 1058 708 1118 Mortem
728 1058 864 1118 omnibns
885 1078 917 1118 ec
937 1065 1051 1117 natura
1072 1056 1241 1134 aeqicalern,
1264 1054 1408 1115 obliuione

251 1181 253 1185 ·
284 1156 371 1235 apud
387 1165 520 1235 posteros
538 1156 584 1217 nel
603 1158 703 1235 plocio
724 1157 894 1236 distrnpnh
916 1176 951 1216 ac
964 1156 991 1215 si
1005 1163 1154 1216 nocentem
1167 1154 1407 1231 innocentemque

283 1253 364 1314 idern
393 1255 487 1314 eritas
513 1263 650 1332 moneat,
680 1255 806 1316 acrioris
825 1255 886 1314 oiri
907 1274 964 1315 ease
983 1254 1088 1313 rnerito
1104 1252 1213 1330 perire.
1242 1252 1316 1312 Non
1339 1256 1407 1311 erat
1422 1252 1460 1313 22

284 1351 425 1412 Othonis
452 1350 561 1413 mollis
585 1357 617 1413 et
638 1352 762 1432 corpori
784 1351 899 1412 similis
921 1351 1058 1411 animus.
1087 1350 1130 1410 Et
1150 1349 1259 1410 intimi
1279 1347 1406 1409 liberto·

284 1468 356 1509 rum
379 1467 627 1528 servorumque,
648 1450 831 1528 corruptius
852 1468 952 1527 quam
973 1449 1007 1509 in
1028 1447 1156 1527 privata
1174 1446 1271 1507 domo
1285 1446 1405 1523 habiti,

245 1545 394 1611 toaclam
425 1546 561 1607 Neronis
592 1552 623 1608 et
654 1547 768 1625 luxus,
801 1545 960 1607 adulteria
987 1544 1195 1606 matrimonia
1222 1549 1406 1622 ceterasque

285 1662 457 1721 regnorum
484 1643 636 1705 libidines
658 1645 754 1706 avido
776 1643 909 1721 talium,
938 1643 965 1704 si
987 1642 1134 1720 auderet,
1164 1647 1200 1703 ut
1222 1661 1280 1702 sua
1301 1646 1406 1702 osten-

284 1745 404 1817 tantes,
434 1742 611 1821 quiescenti
632 1747 669 1802 ut
690 1742 796 1803 aliena
818 1740 1071 1821 exprobrabant,
1097 1739 1285 1817 urgentibus
1308 1740 1405 1800 etiam

284 1839 539 1917 mathematicis,
568 1840 648 1901 dum
676 1861 779 1902 novos
806 1845 916 1900 motus
941 1843 973 1902 et
993 1839 1117 1900 clarum
1139 1838 1261 1899 Othoni
1282 1856 1405 1898 annum
1500 1862 1502 1866 ’

285 1936 507 1999 observatione
528 1936 670 1998 siderum
691 1937 882 2016 adfirmant,
904 1956 1004 2015 genus
1025 1936 1198 1998 hominum
1218 1935 1405 2015 potentibus

238 2043 268 2099 15
284 2033 438 2110 infidum,
461 2034 665 2112 sperantibus
686 2034 804 2112 fallax,
827 2034 915 2114 quod
936 2035 971 2094 in
992 2034 1122 2096 civitate
1143 2039 1253 2094 nostra
1274 2037 1305 2093 et
1319 2037 1405 2093 veta-

284 2130 371 2192 bitur
392 2150 519 2209 semper
539 2137 571 2192 et
592 2132 791 2193 retinebitur.
815 2131 936 2192 Multos
958 2136 1078 2192 secreta
1099 2131 1267 2209 Poppaeae
1281 2128 1405 2189 mathe-

283 2228 436 2305 maticos,
475 2228 652 2308 pessimum
684 2229 872 2308 principalis
904 2228 1104 2290 matrimonii
1135 2227 1404 2303 instrumentum,

283 2324 480 2387 habuerant:
502 2345 518 2386 e
539 2327 659 2405 quibus
682 2325 888 2388 Ptolemaeus
910 2326 1031 2388 Othoni
1052 2326 1086 2385 in
1107 2324 1269 2403 Hispania
1284 2342 1403 2400 comes,

284 2443 356 2485 cum
390 2423 635 2503 superfuturum
664 2444 741 2486 eum
768 2426 888 2486 Neroni
916 2424 1131 2505 promisisset,
1162 2427 1336 2502 postquam
1365 2441 1405 2482 ex

243 2530 268 2589 20
283 2525 401 2584 eventu
430 2521 525 2599 fides,
552 2522 735 2583 coniectura
763 2522 828 2582 iam
860 2527 891 2583 et
919 2540 1047 2583 rumore
1075 2520 1202 2581 senium
1231 2518 1352 2580 Galbae
1374 2524 1405 2579 et

282 2620 451 2682 iuventam
486 2619 623 2681 Othonis
654 2621 916 2700 computantium
947 2622 1149 2699 persuaserat
1179 2617 1261 2693 fore,
1301 2622 1338 2677 ut
1370 2616 1405 2676 in

281 2716 457 2796 imperium
478 2717 699 2795 ascisceretur3
722 2717 778 2779 sed
800 2718 887 2779 Otho
908 2723 1077 2797 tamquam
1099 2715 1214 2795 peritia
1232 2719 1263 2775 et
1276 2714 1404 2774 monitu

281 2813 424 2875 fatorum
445 2814 608 2894 praedicta
628 2816 823 2895 accipiebat,
846 2816 999 2895 cupidine
1019 2814 1140 2891 ingenii
1154 2812 1290 2873 humani
1304 2812 1404 2873 liben-

280 2913 345 2973 tius
367 2912 504 2974 obscura
521 2912 679 2974 credendi.
704 2914 770 2974 Nec
785 2913 894 2975 deerat
908 2914 1126 2989 PtolemaeuS,
1149 2911 1261 2972 iamet
1277 2910 1403 2971 sceleris
1419 2920 1457 2981 23

234 3025 263 3081 25
280 3010 468 3088 instinctor,
490 3009 531 3071 ad
553 3010 640 3090 quod
661 3011 816 3072 facillime
838 3011 879 3071 ab
902 3010 1061 3072 eiusmodi
1081 3014 1158 3072 voto
1178 3007 1342 3070 transitur.

320 3108 385 3171 Sed
406 3107 533 3169 sceleris
554 3109 704 3186 cogitatio
725 3109 887 3170 incertum
909 3128 950 3169 an
971 3128 1101 3192 repens:
1131 3106 1240 3168 studia
1261 3105 1404 3166 militum
1441 3154 1444 3158 .

279 3207 348 3268 iam
368 3206 496 3286 pridem
510 3226 567 3286 spe
581 3207 791 3268 successionis
807 3212 864 3268 aut
877 3211 994 3286 paratu
1008 3205 1157 3267 facinoris
1172 3203 1403 3281 adfectaverat,

279 3306 315 3365 in
335 3304 467 3381 itinere,
489 3305 524 3365 in
545 3304 688 3383 agmine,
710 3304 746 3365 in
761 3304 954 3365 stationibus
968 3304 1227 3366 vetustissimum
1242 3320 1404 3381 quemque

278 3402 426 3463 militum
457 3402 588 3463 nomine
619 3421 739 3464 vocans
771 3421 808 3463 ac
838 3402 996 3463 memoria
1026 3400 1200 3462 Neroniani
1232 3399 1403 3460 comitatus

278 3561 442 3570 -——-

316 3658 340 3709 l.
366 3656 449 3708 occidi
473 3656 595 3708 othonem
619 3674 693 3723 posse
718 3656 777 3708 liaeo
801 3674 852 3708 non
876 3657 976 3707 iniuria
998 3656 1137 3719 Urliclrsio,
1161 3655 1221 3705 aliia
1239 3654 1326 3721 aporia
1345 3653 1403 3703 crisa

278 3754 336 3798 arnt
360 3754 383 3797 et
402 3764 415 3797 e
433 3746 546 3813 niarpinc
564 3747 593 3796 iri
611 3754 702 3798 tertam
717 3747 871 3813 peruenisse.
898 3745 947 3798 Sin
965 3753 1023 3797 sant
1041 3746 1138 3796 sincera
1149 3746 1259 3810 fortasse
1279 3743 1403 3810 quaedam

278 3836 390 3887 excidere
398 3873 405 3898 ,
424 3834 509 3885 aelnt:
529 3832 601 3905 <non
620 3835 706 3885 minus
724 3835 798 3886 facile
813 3852 893 3901 quam
906 3833 1076 3904 Petronium>
1089 3832 1170 3885 occidi
1184 3832 1315 3883 Othonem
1327 3848 1403 3898 posse

278 3925 307 3991 cf.
333 3924 356 3976 Ι.
382 3941 404 3976 c.
430 3924 455 3977 6.
479 3952 513 3962 -
538 3924 563 3977 3.
588 3932 729 3990 opoltunos
754 3925 783 3990 εί.
803 3923 898 3990 Apulei
917 3923 981 3976 Met.
1001 3924 1038 3974 ed.
1058 3941 1079 3974 o.
1099 3923 1123 3973 d.
1147 3921 1214 3974 Vliet
1229 3940 1257 3988 p.
1277 3920 1348 3986 289).
1370 3949 1402 3957 -

280 4012 321 4066 10.
341 4011 510 4063 matrimonia
525 4012 736 4063 Fmatronarum
746 4013 876 4079 Rp'clcins,
895 4013 995 4063 aeolicait
1005 4012 1088 4063 Ritter
1098 4010 1153 4062 alii.
1173 4011 1259 4062 -15,
1280 4025 1402 4076 spernan-

278 4102 355 4153 tibus.
380 4132 406 4141 -
436 4101 477 4155 18.
503 4108 527 4153 et
544 4100 662 4168 ptoloffis.
684 4132 717 4139 —
738 4102 895 4168 Hispaniam
913 4101 1057 4152 Acidaliae.
1083 4130 1116 4137 -
1136 4098 1178 4150 22.
1205 4098 1341 4165 inperium.
1369 4125 1402 4135 —

279 4189 321 4243 24.
341 4190 464 4243 mendi
481 4190 594 4242 Pielicna
612 4191 682 4242 credi
700 4192 730 4243 F.
752 4221 784 4228 —
804 4190 847 4243 25.
868 4190 953 4257 aquod
972 4189 1014 4241 Fl.
1036 4220 1068 4228 -
1088 4188 1130 4242 28.
1150 4204 1277 4255 quenque.
