<?xml version="1.0" encoding="UTF-8"?>
<!DOCTYPE html PUBLIC "-//W3C//DTD XHTML 1.0 Transitional//EN"
    "http://www.w3.org/TR/xhtml1/DTD/xhtml1-transitional.dtd">
<html xmlns="http://www.w3.org/1999/xhtml" xml:lang="en" lang="en">
 <head>
  <title>
</title>
<meta http-equiv="Content-Type" content="text/html;charset=utf-8" />
  <meta name='ocr-system' content='tesseract 3.04.00' />
  <meta name='ocr-capabilities' content='ocr_page ocr_carea ocr_par ocr_line ocrx_word'/>
</head>
<body>
  <div class='ocr_page' id='page_1' title='image "./historiaecumfra00vliegoog_0249.png"; bbox 0 0 3409 4909; ppageno 0'>
   <div class='ocr_carea' id='block_1_1' title="bbox 793 449 852 511">
    <p class='ocr_par' dir='ltr' id='par_1_1' title="bbox 793 449 852 511">
     <span class='ocr_line' id='line_1_1' title="bbox 793 449 852 511; baseline 0.017 -1"><span class='ocrx_word' id='word_1_1' title='bbox 793 449 852 511; x_wconf 84' lang='lat'>235</span> 
     </span>
    </p>
   </div>
   <div class='ocr_carea' id='block_1_2' title="bbox 257 636 1382 1581">
    <p class='ocr_par' dir='ltr' id='par_1_2' title="bbox 257 636 1382 1581">
     <span class='ocr_line' id='line_1_2' title="bbox 258 636 1381 717; baseline 0 -20"><span class='ocrx_word' id='word_1_2' title='bbox 258 636 409 716; x_wconf 90' lang='lat' dir='ltr'>quintani</span> <span class='ocrx_word' id='word_1_3' title='bbox 425 641 499 697; x_wconf 90' lang='lat' dir='ltr'>ante</span> <span class='ocrx_word' id='word_1_4' title='bbox 513 636 593 697; x_wconf 87' lang='lat' dir='ltr'>alios</span> <span class='ocrx_word' id='word_1_5' title='bbox 609 643 640 698; x_wconf 88' lang='lat' dir='ltr'>et</span> <span class='ocrx_word' id='word_1_6' title='bbox 654 638 719 698; x_wconf 91' lang='lat' dir='ltr'>acri</span> <span class='ocrx_word' id='word_1_7' title='bbox 734 657 843 717; x_wconf 87' lang='lat' dir='ltr'>pugna</span> <span class='ocrx_word' id='word_1_8' title='bbox 857 638 949 699; x_wconf 91' lang='lat' dir='ltr'>hoste</span> <span class='ocrx_word' id='word_1_9' title='bbox 965 636 1059 716; x_wconf 90' lang='lat' dir='ltr'>pulso</span> <span class='ocrx_word' id='word_1_10' title='bbox 1070 637 1230 716; x_wconf 92' lang='lat' dir='ltr'>recipiunt</span> <span class='ocrx_word' id='word_1_11' title='bbox 1242 637 1381 698; x_wconf 77' lang='lat' dir='ltr'>cohortis</span> 
     </span>
     <span class='ocr_line' id='line_1_3' title="bbox 258 734 1382 816; baseline 0 -21"><span class='ocrx_word' id='word_1_12' title='bbox 258 734 390 813; x_wconf 83' lang='lat' dir='ltr'>alasque</span> <span class='ocrx_word' id='word_1_13' title='bbox 423 735 521 794; x_wconf 86' lang='lat' dir='ltr'>fessas</span> <span class='ocrx_word' id='word_1_14' title='bbox 553 735 754 812; x_wconf 90' lang='lat' dir='ltr'>volneribus,</span> <span class='ocrx_word' id='word_1_15' title='bbox 787 755 891 816; x_wconf 92' lang='lat' dir='ltr'>neque</span> <span class='ocrx_word' id='word_1_16' title='bbox 919 735 988 796; x_wconf 86' lang='lat' dir='ltr'>dux</span> <span class='ocrx_word' id='word_1_17' title='bbox 1015 735 1181 795; x_wconf 91' lang='lat' dir='ltr'>Romanus</span> <span class='ocrx_word' id='word_1_18' title='bbox 1209 735 1317 796; x_wconf 90' lang='lat' dir='ltr'>ultum</span> <span class='ocrx_word' id='word_1_19' title='bbox 1344 735 1382 795; x_wconf 91' lang='lat' dir='ltr'>iit</span> 
     </span>
     <span class='ocr_line' id='line_1_4' title="bbox 258 832 1381 913; baseline 0 -20"><span class='ocrx_word' id='word_1_20' title='bbox 258 839 317 894; x_wconf 93' lang='lat' dir='ltr'>aut</span> <span class='ocrx_word' id='word_1_21' title='bbox 347 851 480 911; x_wconf 87' lang='lat' dir='ltr'>corpora</span> <span class='ocrx_word' id='word_1_22' title='bbox 507 832 674 910; x_wconf 82' lang='lat' dir='ltr'><strong>humavit,</strong></span> <span class='ocrx_word' id='word_1_23' title='bbox 707 852 907 913; x_wconf 86' lang='lat' dir='ltr'>quamquam</span> <span class='ocrx_word' id='word_1_24' title='bbox 936 832 1032 894; x_wconf 92' lang='lat' dir='ltr'>multi</span> <span class='ocrx_word' id='word_1_25' title='bbox 1060 832 1266 893; x_wconf 92' lang='lat' dir='ltr'>tribunorum</span> <span class='ocrx_word' id='word_1_26' title='bbox 1293 852 1381 911; x_wconf 87' lang='lat' dir='ltr'>prae-</span> 
     </span>
     <span class='ocr_line' id='line_1_5' title="bbox 257 929 1382 1008; baseline -0.001 -18"><span class='ocrx_word' id='word_1_27' title='bbox 257 929 480 1007; x_wconf 86' lang='lat' dir='ltr'>fectorumque</span> <span class='ocrx_word' id='word_1_28' title='bbox 508 936 540 991; x_wconf 92' lang='lat' dir='ltr'>et</span> <span class='ocrx_word' id='word_1_29' title='bbox 567 931 708 1008; x_wconf 81' lang='lat' dir='ltr'>insignes</span> <span class='ocrx_word' id='word_1_30' title='bbox 736 931 939 992; x_wconf 75' lang='lat' dir='ltr'>centuriones</span> <span class='ocrx_word' id='word_1_31' title='bbox 965 929 1169 1006; x_wconf 89' lang='lat' dir='ltr'>cecidissent;</span> <span class='ocrx_word' id='word_1_32' title='bbox 1198 950 1276 991; x_wconf 89' lang='lat' dir='ltr'>mox</span> <span class='ocrx_word' id='word_1_33' title='bbox 1298 950 1382 991; x_wconf 92' lang='lat' dir='ltr'>com-</span> 
     </span>
     <span class='ocr_line' id='line_1_6' title="bbox 258 1026 1382 1106; baseline -0.002 -18"><span class='ocrx_word' id='word_1_34' title='bbox 258 1032 387 1106; x_wconf 85' lang='lat' dir='ltr'>pertum</span> <span class='ocrx_word' id='word_1_35' title='bbox 419 1047 439 1087; x_wconf 90' lang='lat' dir='ltr'>a</span> <span class='ocrx_word' id='word_1_36' title='bbox 469 1028 643 1106; x_wconf 91' lang='lat' dir='ltr'>transfugis</span> <span class='ocrx_word' id='word_1_37' title='bbox 676 1033 854 1106; x_wconf 86' lang='lat' dir='ltr'>nongentos</span> <span class='ocrx_word' id='word_1_38' title='bbox 886 1028 1108 1089; x_wconf 85' lang='lat' dir='ltr'>Romanorum</span> <span class='ocrx_word' id='word_1_39' title='bbox 1135 1026 1223 1106; x_wconf 89' lang='lat' dir='ltr'>apud</span> <span class='ocrx_word' id='word_1_40' title='bbox 1252 1026 1382 1104; x_wconf 89' lang='lat' dir='ltr'>lucum,</span> 
     </span>
     <span class='ocr_line' id='line_1_7' title="bbox 258 1125 1381 1206; baseline -0.001 -21"><span class='ocrx_word' id='word_1_41' title='bbox 258 1144 357 1205; x_wconf 88' lang='lat' dir='ltr'>quem</span> <span class='ocrx_word' id='word_1_42' title='bbox 378 1125 598 1187; x_wconf 81' lang='lat' dir='ltr'>Baduhennae</span> <span class='ocrx_word' id='word_1_43' title='bbox 619 1132 753 1205; x_wconf 91' lang='lat' dir='ltr'>vocant,</span> <span class='ocrx_word' id='word_1_44' title='bbox 773 1146 883 1206; x_wconf 91' lang='lat' dir='ltr'>pugna</span> <span class='ocrx_word' id='word_1_45' title='bbox 904 1126 938 1186; x_wconf 93' lang='lat' dir='ltr'>in</span> <span class='ocrx_word' id='word_1_46' title='bbox 960 1132 1124 1205; x_wconf 85' lang='lat' dir='ltr'>posterum</span> <span class='ocrx_word' id='word_1_47' title='bbox 1146 1129 1291 1186; x_wconf 86' lang='lat' dir='ltr'>extracta</span> <span class='ocrx_word' id='word_1_48' title='bbox 1308 1144 1381 1186; x_wconf 92' lang='lat' dir='ltr'>con-</span> 
     </span>
     <span class='ocr_line' id='line_1_8' title="bbox 257 1222 1381 1304; baseline -0.002 -20"><span class='ocrx_word' id='word_1_49' title='bbox 257 1223 359 1284; x_wconf 90' lang='lat' dir='ltr'>fectos</span> <span class='ocrx_word' id='word_1_50' title='bbox 377 1229 409 1285; x_wconf 90' lang='lat' dir='ltr'>et</span> <span class='ocrx_word' id='word_1_51' title='bbox 423 1224 521 1284; x_wconf 89' lang='lat' dir='ltr'>aliam</span> <span class='ocrx_word' id='word_1_52' title='bbox 536 1224 847 1304; x_wconf 88' lang='lat' dir='ltr'>quadringentorum</span> <span class='ocrx_word' id='word_1_53' title='bbox 862 1243 998 1284; x_wconf 90' lang='lat' dir='ltr'>manum</span> <span class='ocrx_word' id='word_1_54' title='bbox 1013 1228 1170 1302; x_wconf 90' lang='lat' dir='ltr'>occupata</span> <span class='ocrx_word' id='word_1_55' title='bbox 1184 1222 1381 1301; x_wconf 90' lang='lat' dir='ltr'>Cruptoricis</span> 
     </span>
     <span class='ocr_line' id='line_1_9' title="bbox 258 1321 1380 1402; baseline -0.001 -20"><span class='ocrx_word' id='word_1_56' title='bbox 258 1321 426 1400; x_wconf 88' lang='lat' dir='ltr'>quondam</span> <span class='ocrx_word' id='word_1_57' title='bbox 453 1322 655 1401; x_wconf 89' lang='lat' dir='ltr'>stipendiarii</span> <span class='ocrx_word' id='word_1_58' title='bbox 680 1322 775 1399; x_wconf 88' lang='lat' dir='ltr'>villa,</span> <span class='ocrx_word' id='word_1_59' title='bbox 803 1327 978 1402; x_wconf 81' lang='lat' dir='ltr'>postquam</span> <span class='ocrx_word' id='word_1_60' title='bbox 999 1321 1139 1401; x_wconf 90' lang='lat' dir='ltr'>proditio</span> <span class='ocrx_word' id='word_1_61' title='bbox 1161 1321 1380 1399; x_wconf 84' lang='lat' dir='ltr'>metuebatur,</span> 
     </span>
     <span class='ocr_line' id='line_1_10' title="bbox 259 1419 763 1500; baseline 0.004 -21"><span class='ocrx_word' id='word_1_62' title='bbox 259 1420 385 1481; x_wconf 90' lang='lat' dir='ltr'>mutuis</span> <span class='ocrx_word' id='word_1_63' title='bbox 406 1419 523 1481; x_wconf 90' lang='lat' dir='ltr'>ictibus</span> <span class='ocrx_word' id='word_1_64' title='bbox 545 1420 763 1500; x_wconf 82' lang='lat' dir='ltr'>procubuisse.</span> 
     </span>
     <span class='ocr_line' id='line_1_11' title="bbox 301 1518 1222 1581; baseline -0.002 -1"><span class='ocrx_word' id='word_1_65' title='bbox 301 1518 349 1581; x_wconf 86' lang='lat'>74.</span> <span class='ocrx_word' id='word_1_66' title='bbox 372 1518 503 1579; x_wconf 92' lang='lat' dir='ltr'>Clarum</span> <span class='ocrx_word' id='word_1_67' title='bbox 526 1518 603 1579; x_wconf 89' lang='lat' dir='ltr'>inde</span> <span class='ocrx_word' id='word_1_68' title='bbox 625 1519 708 1580; x_wconf 91' lang='lat' dir='ltr'>inter</span> <span class='ocrx_word' id='word_1_69' title='bbox 730 1519 910 1580; x_wconf 89' lang='lat' dir='ltr'>Germanos</span> <span class='ocrx_word' id='word_1_70' title='bbox 932 1518 1070 1579; x_wconf 87' lang='lat' dir='ltr'>Frisium</span> <span class='ocrx_word' id='word_1_71' title='bbox 1094 1536 1222 1578; x_wconf 91' lang='lat' dir='ltr'>nomen.</span> 
     </span>
    </p>
   </div>
   <div class='ocr_carea' id='block_1_3' title="bbox 385 1980 1252 2047">
    <p class='ocr_par' dir='ltr' id='par_1_3' title="bbox 385 1980 1252 2047">
     <span class='ocr_line' id='line_1_12' title="bbox 385 1980 1252 2047; baseline 0 -16"><span class='ocrx_word' id='word_1_72' title='bbox 385 1980 558 2032; x_wconf 88' lang='lat' dir='ltr'>CORBULO</span> <span class='ocrx_word' id='word_1_73' title='bbox 578 1980 748 2033; x_wconf 86' lang='lat' dir='ltr'>CHAUCOS</span> <span class='ocrx_word' id='word_1_74' title='bbox 768 1981 952 2033; x_wconf 81' lang='lat' dir='ltr'>CASTIGAT</span> <span class='ocrx_word' id='word_1_75' title='bbox 972 1984 1007 2047; x_wconf 86' lang='lat' dir='ltr'>(a.</span> <span class='ocrx_word' id='word_1_76' title='bbox 1027 1982 1060 2033; x_wconf 66' lang='lat'>4?</span> <span class='ocrx_word' id='word_1_77' title='bbox 1080 1999 1105 2047; x_wconf 89' lang='lat' dir='ltr'>p.</span> <span class='ocrx_word' id='word_1_78' title='bbox 1126 1981 1187 2032; x_wconf 89' lang='lat' dir='ltr'>Chr.</span> <span class='ocrx_word' id='word_1_79' title='bbox 1207 1981 1252 2043; x_wconf 79' lang='lat' dir='ltr'>n).</span> 
     </span>
    </p>
   </div>
   <div class='ocr_carea' id='block_1_4' title="bbox 252 2199 1387 4230">
    <p class='ocr_par' dir='ltr' id='par_1_4' title="bbox 255 2199 1383 3335">
     <span class='ocr_line' id='line_1_13' title="bbox 300 2199 1382 2281; baseline 0.002 -21"><span class='ocrx_word' id='word_1_80' title='bbox 300 2203 384 2261; x_wconf 91' lang='lat' dir='ltr'>Ann.</span> <span class='ocrx_word' id='word_1_81' title='bbox 413 2201 472 2262; x_wconf 89' lang='lat' dir='ltr'>XI.</span> <span class='ocrx_word' id='word_1_82' title='bbox 497 2202 542 2261; x_wconf 88' lang='lat'>18.</span> <span class='ocrx_word' id='word_1_83' title='bbox 572 2202 631 2261; x_wconf 91' lang='lat' dir='ltr'>Per</span> <span class='ocrx_word' id='word_1_84' title='bbox 652 2200 739 2262; x_wconf 90' lang='lat' dir='ltr'>idem</span> <span class='ocrx_word' id='word_1_85' title='bbox 760 2206 890 2281; x_wconf 90' lang='lat' dir='ltr'>tempus</span> <span class='ocrx_word' id='word_1_86' title='bbox 911 2201 1049 2278; x_wconf 85' lang='lat' dir='ltr'>Chauci,</span> <span class='ocrx_word' id='word_1_87' title='bbox 1071 2199 1163 2261; x_wconf 92' lang='lat' dir='ltr'>nulla</span> <span class='ocrx_word' id='word_1_88' title='bbox 1184 2200 1382 2262; x_wconf 89' lang='lat' dir='ltr'>dissensione</span> 
     </span>
     <span class='ocr_line' id='line_1_14' title="bbox 256 2298 1382 2379; baseline 0 -20"><span class='ocrx_word' id='word_1_89' title='bbox 256 2299 365 2375; x_wconf 91' lang='lat' dir='ltr'>domi,</span> <span class='ocrx_word' id='word_1_90' title='bbox 397 2304 430 2359; x_wconf 90' lang='lat' dir='ltr'>et</span> <span class='ocrx_word' id='word_1_91' title='bbox 460 2305 563 2360; x_wconf 89' lang='lat' dir='ltr'>morte</span> <span class='ocrx_word' id='word_1_92' title='bbox 594 2298 764 2379; x_wconf 85' lang='lat' dir='ltr'>Sanquinii</span> <span class='ocrx_word' id='word_1_93' title='bbox 793 2299 904 2377; x_wconf 87' lang='lat' dir='ltr'>(legati</span> <span class='ocrx_word' id='word_1_94' title='bbox 932 2318 989 2377; x_wconf 87' lang='lat' dir='ltr'>pro</span> <span class='ocrx_word' id='word_1_95' title='bbox 1018 2304 1162 2377; x_wconf 89' lang='lat' dir='ltr'>praetore</span> <span class='ocrx_word' id='word_1_96' title='bbox 1191 2298 1382 2359; x_wconf 83' lang='lat' dir='ltr'>Germaniae</span> 
     </span>
     <span class='ocr_line' id='line_1_15' title="bbox 260 2395 1381 2474; baseline 0 -19"><span class='ocrx_word' id='word_1_97' title='bbox 260 2395 433 2473; x_wconf 87' lang='lat' dir='ltr'>inferioris)</span> <span class='ocrx_word' id='word_1_98' title='bbox 462 2397 597 2474; x_wconf 86' lang='lat' dir='ltr'>alacres,</span> <span class='ocrx_word' id='word_1_99' title='bbox 627 2396 705 2457; x_wconf 93' lang='lat' dir='ltr'>dum</span> <span class='ocrx_word' id='word_1_100' title='bbox 735 2396 875 2458; x_wconf 92' lang='lat' dir='ltr'>Corbulo</span> <span class='ocrx_word' id='word_1_101' title='bbox 904 2395 1073 2473; x_wconf 89' lang='lat' dir='ltr'>adventat,</span> <span class='ocrx_word' id='word_1_102' title='bbox 1101 2395 1284 2457; x_wconf 90' lang='lat' dir='ltr'>inferiorem</span> <span class='ocrx_word' id='word_1_103' title='bbox 1307 2396 1381 2457; x_wconf 89' lang='lat' dir='ltr'>Ger-</span> 
     </span>
     <span class='ocr_line' id='line_1_16' title="bbox 259 2492 1382 2573; baseline 0.002 -21"><span class='ocrx_word' id='word_1_104' title='bbox 259 2492 405 2553; x_wconf 89' lang='lat' dir='ltr'>maniam</span> <span class='ocrx_word' id='word_1_105' title='bbox 426 2493 629 2556; x_wconf 85' lang='lat' dir='ltr'>incursavere</span> <span class='ocrx_word' id='word_1_106' title='bbox 650 2493 731 2555; x_wconf 90' lang='lat' dir='ltr'>duce</span> <span class='ocrx_word' id='word_1_107' title='bbox 747 2495 934 2570; x_wconf 86' lang='lat' dir='ltr'>Gannasco,</span> <span class='ocrx_word' id='word_1_108' title='bbox 956 2493 1012 2573; x_wconf 92' lang='lat' dir='ltr'>qui</span> <span class='ocrx_word' id='word_1_109' title='bbox 1027 2494 1157 2554; x_wconf 86' lang='lat' dir='ltr'>natione</span> <span class='ocrx_word' id='word_1_110' title='bbox 1173 2493 1382 2572; x_wconf 89' lang='lat' dir='ltr'>Canninefas,</span> 
     </span>
     <span class='ocr_line' id='line_1_17' title="bbox 256 2590 1382 2672; baseline 0.002 -22"><span class='ocrx_word' id='word_1_111' title='bbox 256 2590 428 2651; x_wconf 83' lang='lat' dir='ltr'>auxiliaris</span> <span class='ocrx_word' id='word_1_112' title='bbox 456 2610 497 2651; x_wconf 86' lang='lat' dir='ltr'>ex</span> <span class='ocrx_word' id='word_1_113' title='bbox 525 2592 580 2652; x_wconf 90' lang='lat' dir='ltr'>diu</span> <span class='ocrx_word' id='word_1_114' title='bbox 609 2592 749 2667; x_wconf 87' lang='lat' dir='ltr'>meritis,</span> <span class='ocrx_word' id='word_1_115' title='bbox 782 2598 856 2672; x_wconf 90' lang='lat' dir='ltr'>post</span> <span class='ocrx_word' id='word_1_116' title='bbox 884 2591 1066 2669; x_wconf 88' lang='lat' dir='ltr'>transfuga,</span> <span class='ocrx_word' id='word_1_117' title='bbox 1095 2591 1220 2653; x_wconf 90' lang='lat' dir='ltr'>levibus</span> <span class='ocrx_word' id='word_1_118' title='bbox 1246 2592 1382 2668; x_wconf 88' lang='lat' dir='ltr'>navigiis</span> 
     </span>
     <span class='ocr_line' id='line_1_18' title="bbox 260 2687 1382 2767; baseline 0.002 -19"><span class='ocrx_word' id='word_1_119' title='bbox 260 2687 511 2767; x_wconf 88' lang='lat' dir='ltr'>praedabundus</span> <span class='ocrx_word' id='word_1_120' title='bbox 533 2689 701 2750; x_wconf 87' lang='lat' dir='ltr'>Gallorum</span> <span class='ocrx_word' id='word_1_121' title='bbox 723 2690 866 2751; x_wconf 87' lang='lat' dir='ltr'>maxime</span> <span class='ocrx_word' id='word_1_122' title='bbox 881 2710 970 2751; x_wconf 92' lang='lat' dir='ltr'>oram</span> <span class='ocrx_word' id='word_1_123' title='bbox 985 2688 1150 2765; x_wconf 85' lang='lat' dir='ltr'>vastabat,</span> <span class='ocrx_word' id='word_1_124' title='bbox 1172 2708 1238 2749; x_wconf 92' lang='lat' dir='ltr'>non</span> <span class='ocrx_word' id='word_1_125' title='bbox 1252 2689 1382 2766; x_wconf 88' lang='lat' dir='ltr'>ignarus</span> 
     </span>
     <span class='ocr_line' id='line_1_19' title="bbox 261 2785 1383 2866; baseline 0.001 -20"><span class='ocrx_word' id='word_1_126' title='bbox 261 2785 343 2847; x_wconf 91' lang='lat' dir='ltr'>dites</span> <span class='ocrx_word' id='word_1_127' title='bbox 364 2791 397 2847; x_wconf 89' lang='lat' dir='ltr'>et</span> <span class='ocrx_word' id='word_1_128' title='bbox 417 2786 551 2849; x_wconf 89' lang='lat' dir='ltr'>inbelles</span> <span class='ocrx_word' id='word_1_129' title='bbox 566 2806 650 2865; x_wconf 88' lang='lat' dir='ltr'>esse,</span> <span class='ocrx_word' id='word_1_130' title='bbox 673 2794 707 2849; x_wconf 90' lang='lat' dir='ltr'>at</span> <span class='ocrx_word' id='word_1_131' title='bbox 720 2786 861 2849; x_wconf 92' lang='lat' dir='ltr'>Corbulo</span> <span class='ocrx_word' id='word_1_132' title='bbox 876 2786 1076 2866; x_wconf 88' lang='lat' dir='ltr'>provinciam</span> <span class='ocrx_word' id='word_1_133' title='bbox 1091 2786 1251 2862; x_wconf 91' lang='lat' dir='ltr'>ingressus</span> <span class='ocrx_word' id='word_1_134' title='bbox 1266 2805 1383 2863; x_wconf 91' lang='lat' dir='ltr'>magna</span> 
     </span>
     <span class='ocr_line' id='line_1_20' title="bbox 255 2883 1382 2964; baseline 0.001 -20"><span class='ocrx_word' id='word_1_135' title='bbox 255 2902 336 2944; x_wconf 87' lang='lat' dir='ltr'>cum</span> <span class='ocrx_word' id='word_1_136' title='bbox 364 2903 456 2961; x_wconf 92' lang='lat' dir='ltr'>cura,</span> <span class='ocrx_word' id='word_1_137' title='bbox 488 2890 520 2946; x_wconf 90' lang='lat' dir='ltr'>et</span> <span class='ocrx_word' id='word_1_138' title='bbox 547 2905 625 2945; x_wconf 87' lang='lat' dir='ltr'>mox</span> <span class='ocrx_word' id='word_1_139' title='bbox 649 2885 766 2963; x_wconf 89' lang='lat' dir='ltr'>gloria,</span> <span class='ocrx_word' id='word_1_140' title='bbox 794 2885 847 2946; x_wconf 92' lang='lat' dir='ltr'>cui</span> <span class='ocrx_word' id='word_1_141' title='bbox 869 2885 1065 2964; x_wconf 92' lang='lat' dir='ltr'>principium</span> <span class='ocrx_word' id='word_1_142' title='bbox 1086 2883 1144 2945; x_wconf 89' lang='lat' dir='ltr'>illa</span> <span class='ocrx_word' id='word_1_143' title='bbox 1165 2884 1283 2945; x_wconf 91' lang='lat' dir='ltr'>militia</span> <span class='ocrx_word' id='word_1_144' title='bbox 1303 2884 1382 2961; x_wconf 88' lang='lat' dir='ltr'>fuit,</span> 
     </span>
     <span class='ocr_line' id='line_1_21' title="bbox 255 2981 1383 3061; baseline 0.002 -21"><span class='ocrx_word' id='word_1_145' title='bbox 255 2981 405 3042; x_wconf 72' lang='lat' dir='ltr'>vtriremes</span> <span class='ocrx_word' id='word_1_146' title='bbox 426 2982 519 3043; x_wconf 89' lang='lat' dir='ltr'>alueo</span> <span class='ocrx_word' id='word_1_147' title='bbox 541 2982 661 3060; x_wconf 85' lang='lat' dir='ltr'>Rheni,</span> <span class='ocrx_word' id='word_1_148' title='bbox 683 2987 803 3044; x_wconf 88' lang='lat' dir='ltr'>ceteras</span> <span class='ocrx_word' id='word_1_149' title='bbox 827 2983 978 3057; x_wconf 88' lang='lat' dir='ltr'>navium,</span> <span class='ocrx_word' id='word_1_150' title='bbox 1001 2988 1037 3044; x_wconf 90' lang='lat' dir='ltr'>ut</span> <span class='ocrx_word' id='word_1_151' title='bbox 1058 3001 1141 3061; x_wconf 89' lang='lat' dir='ltr'>quae</span> <span class='ocrx_word' id='word_1_152' title='bbox 1163 2981 1305 3058; x_wconf 78' lang='lat' dir='ltr'>habiles,</span> <span class='ocrx_word' id='word_1_153' title='bbox 1327 3002 1383 3060; x_wconf 94' lang='lat' dir='ltr'>per</span> 
     </span>
     <span class='ocr_line' id='line_1_22' title="bbox 255 3079 1383 3160; baseline 0.002 -23"><span class='ocrx_word' id='word_1_154' title='bbox 255 3079 421 3139; x_wconf 88' lang='lat' dir='ltr'>aestuaria</span> <span class='ocrx_word' id='word_1_155' title='bbox 442 3084 474 3140; x_wconf 90' lang='lat' dir='ltr'>et</span> <span class='ocrx_word' id='word_1_156' title='bbox 495 3080 596 3141; x_wconf 88' lang='lat' dir='ltr'>fossas</span> <span class='ocrx_word' id='word_1_157' title='bbox 618 3080 724 3157; x_wconf 89' lang='lat' dir='ltr'>adegit</span> <span class='ocrx_word' id='word_1_158' title='bbox 731 3101 739 3158; x_wconf 79' lang='lat'><em>3</em></span> <span class='ocrx_word' id='word_1_159' title='bbox 769 3079 985 3160; x_wconf 89' lang='lat' dir='ltr'>lintribusque</span> <span class='ocrx_word' id='word_1_160' title='bbox 1006 3080 1149 3141; x_wconf 89' lang='lat' dir='ltr'>hostium</span> <span class='ocrx_word' id='word_1_161' title='bbox 1172 3079 1330 3159; x_wconf 86' lang='lat' dir='ltr'>depressis</span> <span class='ocrx_word' id='word_1_162' title='bbox 1352 3084 1383 3139; x_wconf 90' lang='lat' dir='ltr'>et</span> 
     </span>
     <span class='ocr_line' id='line_1_23' title="bbox 255 3174 1383 3254; baseline -0.001 -18"><span class='ocrx_word' id='word_1_163' title='bbox 255 3174 432 3236; x_wconf 89' lang='lat' dir='ltr'>exturbato</span> <span class='ocrx_word' id='word_1_164' title='bbox 454 3176 623 3238; x_wconf 88' lang='lat' dir='ltr'>Gannasco</span> <span class='ocrx_word' id='word_1_165' title='bbox 646 3225 652 3237; x_wconf 92' lang='lat'>.</span> <span class='ocrx_word' id='word_1_166' title='bbox 676 3224 682 3237; x_wconf 94' lang='lat'><strong>.</strong></span> <span class='ocrx_word' id='word_1_167' title='bbox 706 3224 712 3237; x_wconf 94' lang='lat'><strong>.</strong></span> <span class='ocrx_word' id='word_1_168' title='bbox 735 3224 742 3237; x_wconf 89' lang='lat'><strong>.</strong></span> <span class='ocrx_word' id='word_1_169' title='bbox 764 3177 904 3254; x_wconf 85' lang='lat' dir='ltr'>legiones</span> <span class='ocrx_word' id='word_1_170' title='bbox 927 3224 933 3237; x_wconf 90' lang='lat'>.</span> <span class='ocrx_word' id='word_1_171' title='bbox 957 3223 964 3237; x_wconf 88' lang='lat'><strong>.</strong></span> <span class='ocrx_word' id='word_1_172' title='bbox 987 3224 993 3237; x_wconf 90' lang='lat'><strong><em>.</em></strong></span> <span class='ocrx_word' id='word_1_173' title='bbox 1018 3224 1023 3236; x_wconf 94' lang='lat'><em>.</em></span> <span class='ocrx_word' id='word_1_174' title='bbox 1047 3181 1188 3237; x_wconf 90' lang='lat' dir='ltr'>ueterem</span> <span class='ocrx_word' id='word_1_175' title='bbox 1203 3174 1244 3235; x_wconf 90' lang='lat' dir='ltr'>ad</span> <span class='ocrx_word' id='word_1_176' title='bbox 1259 3195 1383 3236; x_wconf 90' lang='lat' dir='ltr'>morem</span> 
     </span>
     <span class='ocr_line' id='line_1_24' title="bbox 260 3272 462 3335; baseline 0.01 -3"><span class='ocrx_word' id='word_1_177' title='bbox 260 3272 392 3335; x_wconf 87' lang='lat' dir='ltr'>reduxit</span> <span class='ocrx_word' id='word_1_178' title='bbox 412 3282 462 3335; x_wconf 86' lang='lat' dir='ltr'>cct.</span> 
     </span>
    </p>

    <p class='ocr_par' dir='ltr' id='par_1_5' title="bbox 252 3369 1387 4230">
     <span class='ocr_line' id='line_1_25' title="bbox 301 3369 1383 3448; baseline -0.001 -18"><span class='ocrx_word' id='word_1_179' title='bbox 301 3372 386 3431; x_wconf 86' lang='lat' dir='ltr'>Ann.</span> <span class='ocrx_word' id='word_1_180' title='bbox 418 3371 476 3431; x_wconf 91' lang='lat' dir='ltr'>XI.</span> <span class='ocrx_word' id='word_1_181' title='bbox 506 3391 531 3432; x_wconf 90' lang='lat' dir='ltr'>c.</span> <span class='ocrx_word' id='word_1_182' title='bbox 561 3372 608 3432; x_wconf 80' lang='lat'>19.</span> <span class='ocrx_word' id='word_1_183' title='bbox 640 3372 790 3432; x_wconf 88' lang='lat' dir='ltr'>Ceterum</span> <span class='ocrx_word' id='word_1_184' title='bbox 818 3371 845 3432; x_wconf 93' lang='lat' dir='ltr'>is</span> <span class='ocrx_word' id='word_1_185' title='bbox 873 3377 973 3431; x_wconf 88' lang='lat' dir='ltr'>terror</span> <span class='ocrx_word' id='word_1_186' title='bbox 1000 3370 1120 3431; x_wconf 91' lang='lat' dir='ltr'>milites</span> <span class='ocrx_word' id='word_1_187' title='bbox 1148 3370 1321 3448; x_wconf 90' lang='lat' dir='ltr'>hostesque</span> <span class='ocrx_word' id='word_1_188' title='bbox 1349 3369 1383 3430; x_wconf 91' lang='lat' dir='ltr'>in</span> 
     </span>
     <span class='ocr_line' id='line_1_26' title="bbox 253 3466 1387 3545; baseline 0 -18"><span class='ocrx_word' id='word_1_189' title='bbox 253 3466 427 3529; x_wconf 88' lang='lat' dir='ltr'>diuersum</span> <span class='ocrx_word' id='word_1_190' title='bbox 455 3469 578 3545; x_wconf 87' lang='lat' dir='ltr'>affecit,</span> <span class='ocrx_word' id='word_1_191' title='bbox 610 3488 669 3529; x_wconf 91' lang='lat' dir='ltr'>nos</span> <span class='ocrx_word' id='word_1_192' title='bbox 697 3469 850 3530; x_wconf 88' lang='lat' dir='ltr'>virtutem</span> <span class='ocrx_word' id='word_1_193' title='bbox 880 3468 1046 3544; x_wconf 87' lang='lat' dir='ltr'>auximus,</span> <span class='ocrx_word' id='word_1_194' title='bbox 1076 3467 1204 3528; x_wconf 87' lang='lat' dir='ltr'>barbari</span> <span class='ocrx_word' id='word_1_195' title='bbox 1231 3467 1387 3528; x_wconf 84' lang='lat' dir='ltr'>ferociam</span> 
     </span>
     <span class='ocr_line' id='line_1_27' title="bbox 260 3564 1383 3644; baseline 0 -19"><span class='ocrx_word' id='word_1_196' title='bbox 260 3565 431 3643; x_wconf 84' lang='lat' dir='ltr'>infregere,</span> <span class='ocrx_word' id='word_1_197' title='bbox 452 3571 485 3627; x_wconf 94' lang='lat' dir='ltr'>et</span> <span class='ocrx_word' id='word_1_198' title='bbox 505 3566 595 3627; x_wconf 90' lang='lat' dir='ltr'>natio</span> <span class='ocrx_word' id='word_1_199' title='bbox 617 3566 792 3626; x_wconf 82' lang='lat' dir='ltr'>Frisiorum</span> <span class='ocrx_word' id='word_1_200' title='bbox 815 3570 889 3644; x_wconf 89' lang='lat' dir='ltr'>post</span> <span class='ocrx_word' id='word_1_201' title='bbox 903 3565 1111 3626; x_wconf 89' lang='lat' dir='ltr'>rebellionem</span> <span class='ocrx_word' id='word_1_202' title='bbox 1127 3564 1217 3625; x_wconf 90' lang='lat' dir='ltr'>clade</span> <span class='ocrx_word' id='word_1_203' title='bbox 1232 3565 1265 3624; x_wconf 87' lang='lat' dir='ltr'>L.</span> <span class='ocrx_word' id='word_1_204' title='bbox 1282 3566 1383 3643; x_wconf 91' lang='lat' dir='ltr'>Apro-</span> 
     </span>
     <span class='ocr_line' id='line_1_28' title="bbox 260 3661 1385 3743; baseline -0.002 -18"><span class='ocrx_word' id='word_1_205' title='bbox 260 3664 307 3725; x_wconf 93' lang='lat' dir='ltr'>nii</span> <span class='ocrx_word' id='word_1_206' title='bbox 335 3671 484 3743; x_wconf 86' lang='lat' dir='ltr'>coeptam</span> <span class='ocrx_word' id='word_1_207' title='bbox 505 3664 630 3726; x_wconf 86' lang='lat' dir='ltr'>infensa</span> <span class='ocrx_word' id='word_1_208' title='bbox 652 3671 709 3726; x_wconf 90' lang='lat' dir='ltr'>aut</span> <span class='ocrx_word' id='word_1_209' title='bbox 729 3664 814 3725; x_wconf 89' lang='lat' dir='ltr'>male</span> <span class='ocrx_word' id='word_1_210' title='bbox 835 3662 917 3740; x_wconf 91' lang='lat' dir='ltr'>fida,</span> <span class='ocrx_word' id='word_1_211' title='bbox 946 3662 1030 3723; x_wconf 88' lang='lat' dir='ltr'>datis</span> <span class='ocrx_word' id='word_1_212' title='bbox 1051 3661 1217 3723; x_wconf 87' lang='lat' dir='ltr'>obsidibus</span> <span class='ocrx_word' id='word_1_213' title='bbox 1239 3661 1385 3723; x_wconf 89' lang='lat' dir='ltr'>consedit</span> 
     </span>
     <span class='ocr_line' id='line_1_29' title="bbox 253 3760 1383 3841; baseline -0.003 -19"><span class='ocrx_word' id='word_1_214' title='bbox 253 3761 350 3841; x_wconf 86' lang='lat' dir='ltr'>apud</span> <span class='ocrx_word' id='word_1_215' title='bbox 381 3781 473 3839; x_wconf 89' lang='lat' dir='ltr'>agros</span> <span class='ocrx_word' id='word_1_216' title='bbox 505 3781 524 3822; x_wconf 90' lang='lat' dir='ltr'>a</span> <span class='ocrx_word' id='word_1_217' title='bbox 552 3762 733 3823; x_wconf 87' lang='lat' dir='ltr'>Corbulone</span> <span class='ocrx_word' id='word_1_218' title='bbox 761 3761 947 3840; x_wconf 77' lang='lat' dir='ltr'>descriptos.</span> <span class='ocrx_word' id='word_1_219' title='bbox 980 3760 1066 3820; x_wconf 92' lang='lat' dir='ltr'>idem</span> <span class='ocrx_word' id='word_1_220' title='bbox 1087 3764 1252 3837; x_wconf 89' lang='lat' dir='ltr'>senatum,</span> <span class='ocrx_word' id='word_1_221' title='bbox 1285 3760 1383 3837; x_wconf 91' lang='lat' dir='ltr'>magi-</span> 
     </span>
     <span class='ocr_line' id='line_1_30' title="bbox 252 3855 1384 3939; baseline -0.004 -19"><span class='ocrx_word' id='word_1_222' title='bbox 252 3865 396 3937; x_wconf 67' lang='lat' dir='ltr'>stralia,</span> <span class='ocrx_word' id='word_1_223' title='bbox 428 3860 512 3937; x_wconf 89' lang='lat' dir='ltr'>leges</span> <span class='ocrx_word' id='word_1_224' title='bbox 544 3860 704 3939; x_wconf 91' lang='lat' dir='ltr'>inposuit,</span> <span class='ocrx_word' id='word_1_225' title='bbox 736 3879 773 3920; x_wconf 91' lang='lat' dir='ltr'>ac</span> <span class='ocrx_word' id='word_1_226' title='bbox 800 3879 841 3920; x_wconf 86' lang='lat' dir='ltr'>ne</span> <span class='ocrx_word' id='word_1_227' title='bbox 869 3859 957 3920; x_wconf 90' lang='lat' dir='ltr'>iussa</span> <span class='ocrx_word' id='word_1_228' title='bbox 984 3862 1154 3934; x_wconf 86' lang='lat' dir='ltr'>exuerent,</span> <span class='ocrx_word' id='word_1_229' title='bbox 1186 3855 1384 3936; x_wconf 88' lang='lat' dir='ltr'>praesidium</span> 
     </span>
     <span class='ocr_line' id='line_1_31' title="bbox 260 3954 1383 4036; baseline -0.002 -19"><span class='ocrx_word' id='word_1_230' title='bbox 260 3957 468 4035; x_wconf 92' lang='lat' dir='ltr'>immuniuit,</span> <span class='ocrx_word' id='word_1_231' title='bbox 491 3958 598 4019; x_wconf 90' lang='lat' dir='ltr'>missis</span> <span class='ocrx_word' id='word_1_232' title='bbox 620 3958 677 4036; x_wconf 93' lang='lat' dir='ltr'>qui</span> <span class='ocrx_word' id='word_1_233' title='bbox 697 3958 835 4018; x_wconf 89' lang='lat' dir='ltr'>maiores</span> <span class='ocrx_word' id='word_1_234' title='bbox 857 3956 1004 4018; x_wconf 86' lang='lat' dir='ltr'>Chaucos</span> <span class='ocrx_word' id='word_1_235' title='bbox 1025 3955 1066 4016; x_wconf 89' lang='lat' dir='ltr'>ad</span> <span class='ocrx_word' id='word_1_236' title='bbox 1081 3954 1278 4015; x_wconf 89' lang='lat' dir='ltr'>deditionem</span> <span class='ocrx_word' id='word_1_237' title='bbox 1293 3954 1383 4033; x_wconf 90' lang='lat' dir='ltr'>pelli-</span> 
     </span>
     <span class='ocr_line' id='line_1_32' title="bbox 252 4051 1384 4132; baseline -0.003 -16"><span class='ocrx_word' id='word_1_238' title='bbox 252 4060 384 4132; x_wconf 84' lang='lat' dir='ltr'>cerent,</span> <span class='ocrx_word' id='word_1_239' title='bbox 407 4056 506 4116; x_wconf 89' lang='lat' dir='ltr'>simul</span> <span class='ocrx_word' id='word_1_240' title='bbox 528 4056 735 4116; x_wconf 89' lang='lat' dir='ltr'>Gannascum</span> <span class='ocrx_word' id='word_1_241' title='bbox 758 4054 833 4115; x_wconf 93' lang='lat' dir='ltr'>dolo</span> <span class='ocrx_word' id='word_1_242' title='bbox 855 4053 1108 4131; x_wconf 83' lang='lat' dir='ltr'>aggrederentur.</span> <span class='ocrx_word' id='word_1_243' title='bbox 1130 4070 1189 4113; x_wconf 91' lang='lat' dir='ltr'>nec</span> <span class='ocrx_word' id='word_1_244' title='bbox 1205 4051 1312 4113; x_wconf 88' lang='lat' dir='ltr'>irritae</span> <span class='ocrx_word' id='word_1_245' title='bbox 1328 4058 1384 4113; x_wconf 90' lang='lat' dir='ltr'>aut</span> 
     </span>
     <span class='ocr_line' id='line_1_33' title="bbox 252 4149 1383 4230; baseline -0.002 -18"><span class='ocrx_word' id='word_1_246' title='bbox 252 4150 431 4230; x_wconf 75' lang='lat' dir='ltr'>«degeneres</span> <span class='ocrx_word' id='word_1_247' title='bbox 459 4153 595 4214; x_wconf 87' lang='lat' dir='ltr'>insidiae</span> <span class='ocrx_word' id='word_1_248' title='bbox 625 4152 712 4214; x_wconf 87' lang='lat' dir='ltr'>fuere</span> <span class='ocrx_word' id='word_1_249' title='bbox 740 4152 894 4213; x_wconf 90' lang='lat' dir='ltr'>adversus</span> <span class='ocrx_word' id='word_1_250' title='bbox 920 4152 1120 4228; x_wconf 82' lang='lat' dir='ltr'>transfugam</span> <span class='ocrx_word' id='word_1_251' title='bbox 1141 4155 1173 4211; x_wconf 91' lang='lat' dir='ltr'>et</span> <span class='ocrx_word' id='word_1_252' title='bbox 1194 4149 1383 4211; x_wconf 88' lang='lat' dir='ltr'>violatorem</span> 
     </span>
    </p>
   </div>
   <div class='ocr_carea' id='block_1_5' title="bbox 0 0 1711 4909">
    <p class='ocr_par' dir='ltr' id='par_1_6' title="bbox 0 0 1711 4909">
     <span class='ocr_line' id='line_1_34' title="bbox 0 0 1711 4909; baseline 0 0"><span class='ocrx_word' id='word_1_253' title='bbox 0 0 1711 4909; x_wconf 95' lang='lat' dir='ltr'> </span> 
     </span>
    </p>
   </div>
  </div>
 </body>
</html>
