3409 4909
278 490 307 539 p.
327 464 377 523 ch.
398 471 444 539 69)
579 471 872 533 'nrsronraauu
893 472 937 532 11.
960 471 1048 535 4-7.
1234 487 1238 496 ·
1366 473 1404 534 55

278 657 375 718 mina
401 657 567 719 communi
587 658 728 719 utilitate
750 657 949 731 aboleverat,
977 664 1093 719 natura
1114 663 1211 738 atque
1232 663 1300 720 arte
1321 678 1406 720 com-

280 756 410 836 positus
438 756 618 818 alliciendis
646 757 744 818 ctiam
766 757 911 817 Muciani
931 757 1084 818 moribus.
1113 756 1248 817 Tribuni
1269 757 1406 817 centuri·

282 874 427 934 onesque
455 861 487 916 et
513 854 626 932 volgus
654 854 798 916 militum
826 854 987 915 industria
1013 854 1159 932 licentia,
1188 874 1245 933 per
1268 855 1404 916 virtutes

281 972 339 1032 per
350 952 549 1031 voluptates,
564 957 602 1013 ut
612 952 728 1033 cuique
739 952 919 1030 ingenium,
934 951 1203 1030 adsciscebantur.
1219 953 1437 1032 Antequam-6

245 1051 376 1112 aTitus
405 1050 609 1128 adventaret,
640 1054 880 1112 sacramentum
908 1049 1045 1111 Othonis
1073 1055 1239 1129 acceperat
1270 1055 1404 1130 uterque

282 1149 461 1227 exercitus,
489 1149 736 1229 praecipitibus,
764 1153 801 1210 ut
829 1148 969 1217 adsolet,
998 1148 1121 1209 nuntiis
1150 1154 1181 1209 et
1205 1148 1299 1209 tarda
1319 1148 1404 1210 mole

281 1247 388 1309 civilis
426 1246 519 1325 belli,
557 1246 645 1327 quod
681 1247 776 1324 longa
814 1245 984 1307 concordia
1022 1246 1151 1325 quietus
1182 1245 1295 1307 Oriens
1326 1250 1404 1307 tunc

281 1344 428 1423 primum
456 1344 599 1424 parabat.
628 1345 777 1424 Namque
801 1344 880 1404 olim
902 1343 1103 1405 validissima
1123 1343 1207 1404 inter
1228 1362 1261 1404 se
1283 1343 1404 1406 civium

282 1462 374 1502 arma
402 1442 437 1502 in
466 1441 562 1502 Italia
584 1441 730 1503 Galliave
751 1440 875 1503 viribus
896 1440 1079 1503 Occidentis
1101 1446 1215 1519 coepta
1222 1461 1230 1518 ;
1260 1446 1291 1502 et
1311 1442 1404 1502 Pom-

235 1544 266 1599 10
282 1540 355 1619 peio
378 1540 489 1601 Cassio
510 1540 611 1600 Bruto
632 1539 791 1617 Antonio,
813 1559 895 1619 quos
916 1558 1028 1600 omnes
1046 1544 1134 1599 trans
1154 1558 1242 1600 mare
1257 1544 1404 1601 secutum

283 1642 329 1699 est
354 1636 453 1698 civile
480 1636 619 1714 bellurn,
647 1636 737 1698 haud
764 1638 909 1716 prosperi
936 1637 1043 1698 exitus
1064 1637 1207 1715 fuerant;
1236 1636 1404 1717 auditique

282 1735 412 1814 saepius
440 1735 474 1795 in
501 1734 594 1813 Syria
620 1734 806 1814 Iudaeaque
835 1735 985 1796 Caesares
1012 1754 1110 1815 quam
1131 1735 1277 1814 inspecti.
1306 1735 1404 1796 Nulla

282 1832 400 1893 seditio
430 1831 609 1909 legionum3
644 1837 774 1893 tantum
805 1831 959 1894 adversus
991 1833 1127 1894 Parthos
1159 1834 1282 1910 minae,
1314 1834 1403 1895 vario

281 1935 411 1991 eventu.
441 1930 484 1990 Et
513 1931 659 2009 proximo
680 1929 768 1992 civili
789 1930 875 1991 bello
895 1931 1033 1992 turbatis
1055 1931 1126 1991 aliis
1147 1932 1337 1992 inconcussa
1358 1931 1403 1992 ibi

244 2032 266 2087 15
281 2048 363 2106 pax;
387 2027 463 2089 dein
483 2027 563 2088 fides
578 2047 651 2105 erga
666 2027 813 2089 Galbam.
836 2029 930 2105 Mox,
952 2033 990 2089 ut
1004 2029 1166 2090 Othonem
1182 2048 1218 2090 ac
1233 2029 1403 2090 Vitellium

281 2124 425 2187 scelestis
453 2126 551 2185 armis
576 2144 625 2186 res
653 2126 817 2187 Romanas
844 2132 976 2205 raptum
1003 2126 1049 2187 ire
1077 2128 1243 2204 volgatum
1270 2132 1333 2205 est,
1363 2146 1403 2188 ne

254 2219 256 2224 ’
281 2243 381 2303 penes
409 2227 530 2284 ceteros
557 2223 686 2303 imperii
712 2224 870 2303 praemia,
899 2244 996 2303 penes
1022 2224 1109 2304 ipsos
1130 2230 1260 2285 tantum
1281 2224 1403 2286 servitii

280 2322 455 2383 necessitas
483 2325 581 2399 esset,
610 2321 743 2382 fremere
771 2322 865 2383 miles
893 2326 925 2383 et
948 2323 1032 2384 vires
1054 2341 1128 2383 suas
1150 2323 1402 2402 circumspicere.

281 2420 413 2500 Septem
451 2419 591 2510 legiones
623 2419 733 2481 statim
765 2425 796 2481 et
827 2440 903 2481 cum
932 2420 1117 2498 ingentibus
1149 2419 1280 2481 auxiliis
1311 2421 1404 2500 Syria

233 2516 484 2596 201udaeaque3
512 2516 589 2577 inde
610 2517 764 2578 continua
784 2520 952 2598 Aegyptus
974 2518 1121 2598 duaeque
1142 2519 1298 2596 legiones,
1326 2519 1403 2580 hinc

282 2614 489 2694 Cappadocia
527 2615 729 2694 Pontusque,
768 2620 800 2676 et
837 2616 992 2695 quicquid
1028 2621 1209 2677 'castrorum
1241 2615 1402 2676 Armeniis

235 2699 239 2706 ⁴
281 2704 521 2791 praetenditur,
547 2714 625 2773 Asia
646 2720 678 2774 et
698 2719 820 2775 ceterae
842 2715 1026 2794 provinciae
1047 2734 1106 2775 nec
1127 2714 1269 2775 virorum
1290 2714 1402 2792 inopes

281 2815 314 2871 et
333 2810 492 2890 pecuniae
514 2810 703 2890 opulentae,
724 2816 886 2891 quantum
907 2812 1088 2872 insularum
1108 2812 1190 2871 mari
1212 2811 1350 2888 cingitur
1371 2815 1403 2871 et

280 2906 427 2987 parando
466 2907 596 2969 interim
634 2908 719 2969 bello
750 2908 930 2970 secundum
961 2914 1134 2989 tutumque
1163 2909 1273 2988 ipsum
1304 2929 1402 2972 mare.
1464 2895 1467 2901 ⁴

232 3005 263 3067 25
280 3006 356 3067 Non
384 3004 517 3066 fallebat
545 3004 642 3067 duces
670 3006 812 3085 impetus
840 3006 1001 3084 militum,
1029 3006 1085 3067 sed
1113 3006 1309 3068 bellantibus
1331 3006 1434 3084 aliis7

280 3103 406 3183 placuit
427 3104 599 3183 expectari.
621 3103 786 3165 Bellorum
807 3104 954 3165 civilium
975 3104 1110 3165 victores
1129 3105 1294 3183 victosque
1309 3122 1403 3164 num-

280 3213 381 3281 quam
403 3200 508 3262 solida
528 3201 591 3261 fide
613 3201 803 3278 coalescere3
825 3221 884 3262 nec
905 3202 1036 3278 referre,
1059 3200 1228 3262 Vitellium
1247 3221 1288 3261 an
1304 3201 1403 3262 Otho·

279 3318 357 3360 nem
395 3299 601 3378 superstitem
639 3299 768 3361 fortuna
805 3300 933 3360 faceret.
972 3299 1079 3360 Rebus
1118 3298 1266 3359 secundis
1304 3299 1403 3359 etiam

280 3397 422 3474 egregios
451 3395 548 3458 duces
568 3396 774 3458 insolescere:
803 3396 983 3458 socordiam
1004 3397 1072 3474 his,
1101 3397 1279 3473 ignaviam,
1307 3396 1403 3456 luxu-

232 3504 263 3559 30
279 3495 378 3572 riem3
418 3498 450 3555 et
487 3495 622 3555 suismet
659 3495 746 3556 vitiis
784 3495 923 3556 alterum
958 3494 1060 3573 benc,
1099 3495 1237 3555 alterum
1268 3494 1403 3553 victoria

280 3593 472 3672 periturum.
494 3592 598 3670 Igitur
619 3612 709 3653 arma
725 3593 760 3653 in
775 3593 977 3654 occasionem
992 3591 1160 3670 distulere,
1182 3591 1402 3668 Vespasianus

279 3776 443 3785 .-—-

315 3902 341 3956 6.
362 3901 544 3969 praecipitibus
559 3920 577 3953 a
591 3902 691 3968 precib;
711 3903 741 3954 F.
762 3902 830 3955 —8.
851 3900 1059 3953 ualidissimaFl.
1079 3930 1113 3939 -
1134 3900 1174 3951 12.
1194 3900 1308 3966 aditique
1317 3901 1348 3951 F.
1368 3930 1401 3937 -

279 3990 322 4045 21.
343 3990 462 4058 quicquit
479 3991 509 4043 F.
530 4021 563 4028 -
582 3990 624 4043 23.
645 3991 691 4059 [et]
710 3991 792 4041 Halm
811 4010 866 4042 cam
885 3992 1012 4043 Acidalio.
1033 4018 1066 4028 -
1086 3990 1128 4043 26.
1147 3990 1272 4041 bellorum
1288 3972 1401 4040 civilium

278 4080 365 4133 Riaer
399 4080 474 4132 bellr'r.
507 4082 573 4132 culn
601 4081 631 4132 F.
665 4110 698 4118 -
725 4079 768 4132 27.
797 4081 877 4131 solida
904 4080 946 4131 Fl.
977 4111 1009 4117 -
1038 4079 1081 4132 29.
1109 4080 1251 4131 socordiam
1278 4078 1402 4145 Pluygers

279 4169 436 4222 discordiam
454 4170 476 4221 F
495 4170 622 4221 discordia
641 4170 742 4233 militis,
761 4169 867 4236 ignavia
884 4170 986 4223 luxurie
1004 4168 1118 4236 Madvig.
1137 4169 1239 4248 luxurie
1257 4169 1288 4220 F.
