3409 4909
308 457 348 519 50
729 474 870 518 corruam
891 474 1003 518 rnorrr
1280 461 1314 524 (a.
1336 460 1450 513 11821.

308 642 410 704 nimia
430 643 654 704 communium
675 662 826 704 curarum
848 662 962 723 expers
980 643 1121 724 populus
1136 644 1255 705 sentire
1270 643 1429 722 paulatim

308 740 385 801 belli
407 742 509 819 mala,
531 760 686 803 conversa
707 742 742 801 in
763 740 906 802 militum
928 759 1027 810 usum
1043 742 1133 801 omni
1152 742 1306 820 pecunia,
1329 742 1430 803 interr·
1451 737 1455 742 ⁴

308 839 350 899 tis
377 839 606 901 alimentorum
635 839 760 919 pretiis;
789 858 873 918 quae
900 846 993 900 motu
1017 838 1164 900 Vindicis
1185 838 1276 900 haud
1297 838 1429 919 perinde

308 936 436 1016 plebem
464 937 669 1015 attriverant,
701 956 812 998 secura
840 942 912 997 turn
941 937 1019 999 urbe
1046 942 1078 999 et
1106 937 1300 1017 provinciali
1330 937 1428 1015 bello,

309 1034 397 1113 quod
426 1035 510 1095 inter
539 1035 680 1113 legiones
708 1034 895 1115 Galliasque
925 1035 1015 1097 velut
1042 1042 1212 1097 externum
1241 1036 1313 1097 fuit.
1348 1037 1459 1109 Nam5

309 1153 350 1193 ex
377 1152 440 1212 quo
469 1132 564 1194 divus
586 1136 751 1210 Augustus
773 1153 822 1194 res
844 1133 1018 1195 Caesarum
1039 1134 1236 1214 composuit,
1264 1133 1380 1213 procul
1400 1138 1430 1196 et

308 1230 343 1291 in
370 1232 467 1292 unius
495 1230 748 1292 sollicitudinem
777 1236 834 1292 aut
862 1229 959 1292 decus
981 1231 1122 1311 populus
1144 1232 1312 1293 Romanus
1334 1231 1431 1293 bella·

309 1334 413 1407 verat;
435 1330 495 1390 sub
511 1329 638 1391 Tiberio
654 1335 686 1392 et
702 1330 782 1391 Gaio
798 1335 928 1392 tantum
943 1329 1033 1410 pacis
1048 1330 1183 1392 adversa
1198 1330 1279 1409 <ad>
1291 1328 1363 1391 'rem
1375 1349 1431 1410 pu·
1466 1347 1470 1356 ·

307 1425 427 1487 blicam
441 1428 636 1506 pertinuere;
654 1428 856 1489 Scriboniani
871 1432 983 1488 contra
997 1426 1172 1489 Claudium
1186 1428 1318 1507 incepta
1334 1427 1431 1489 simul

309 1524 420 1585 audita
447 1530 479 1586 et
506 1526 643 1587 coercita
650 1546 658 1603 ;
687 1526 771 1587 Nero
799 1525 924 1587 nuntiis
946 1525 1048 1603 magis
1070 1529 1102 1586 et
1122 1526 1309 1587 rumoribus
1333 1546 1431 1605 quam
1449 1545 1470 1602 lc

308 1623 406 1683 armis
443 1623 607 1703 depulsus.
646 1615 743 1684 Tum'
765 1624 906 1700 legiones
938 1622 1119 1702 classesque
1151 1628 1198 1700 et,
1237 1623 1329 1702 quod
1361 1643 1431 1685 raro

308 1720 403 1799 alias,
441 1722 663 1801 praetorianus
699 1722 906 1801 urbanusque
944 1722 1038 1782 miles
1075 1722 1109 1782 in
1147 1722 1249 1783 aciem
1282 1722 1417 1784 deducti
1424 1742 1431 1800 ;

309 1819 422 1880 Oriens
453 1820 690 1899 Occidensque,
723 1825 754 1880 et
785 1819 941 1899 quicquid
971 1819 1135 1898 utrimque
1167 1819 1287 1881 virium
1318 1825 1384 1898 est,
1415 1839 1434 1880 a

308 1922 411 1994 tergo:
440 1917 467 1978 si
494 1916 631 1979 ducibus
659 1918 731 1978 aliis
756 1917 914 1978 bellatum
936 1917 1032 1994 foret,
1060 1916 1156 1994 longo
1176 1917 1263 1978 bello
1284 1919 1431 1980 materia.

348 2014 465 2091 Fuere,
493 2015 550 2094 qui
570 2015 785 2094 proficiscenti
800 2014 929 2089 Othoni
949 2034 1056 2076 moras
1076 2013 1333 2095 religionemque
1355 2036 1470 2092 non-12

308 2111 388 2172 dum
416 2112 621 2173 conditorum
648 2112 803 2174 ancilium
824 2113 990 2173 afferrent:
1018 2118 1207 2191 aspernatus
1228 2117 1278 2173 est
1298 2132 1434 2174 omnem

308 2212 547 2271 cunctationem
574 2216 612 2272 ut
639 2211 758 2272 Neroni
787 2230 915 2291 quoque
937 2210 1123 2287 exitiosam
1152 2214 1184 2272 et
1205 2210 1347 2272 Caecina
1368 2212 1435 2272 iam

255 2314 295 2374 90
308 2307 408 2387 Alpes
429 2313 645 2385 transgressus
662 2308 886 2370 extimulabat.
909 2307 1015 2369 Pridie
1029 2308 1103 2369 idus
1118 2308 1252 2369 Martias
1268 2327 1435 2370 commen·

309 2405 385 2467 data
412 2406 558 2485 patribus
586 2426 619 2467 re
646 2406 778 2486 publica
805 2407 958 2486 reliquias
987 2406 1202 2468 Neroniarum
1231 2407 1434 2485 sectionum,

309 2503 455 2564 nondum
481 2504 517 2566 in
543 2504 659 2565 fiscum
681 2524 866 2581 conversas,
895 2504 1052 2566 revocatis
1073 2504 1114 2565 ab
1135 2503 1233 2565 exilio
1254 2506 1470 2583 concessit,24

307 2601 523 2662 iustissimum
545 2601 668 2662 donum
690 2602 776 2662 etin
797 2602 937 2681 speciem
959 2600 1183 2679 magnificum,
1205 2601 1261 2663 sed
1276 2602 1436 2664 festinata

307 2699 374 2759 iam
405 2699 531 2779 pridem
562 2700 729 2761 exactione
759 2718 822 2760 usu
852 2699 968 2761 sterile.
1007 2700 1086 2760 Mox
1117 2704 1232 2763 vocata
1263 2701 1435 2774 contione,

308 2798 508 2858 maiestatem
540 2798 629 2858 urbis
660 2801 691 2857 et
721 2816 915 2858 consensum
942 2795 1056 2875 populi
1084 2816 1121 2857 ac
1149 2801 1280 2858 senatus
1310 2817 1371 2877 pro
1401 2818 1436 2860 se

308 2894 474 2972 attollens,
511 2893 682 2957 adversum
721 2893 912 2955 Vitellianas
943 2899 1050 2973 partes
1081 2893 1226 2955 modeste
1258 2893 1432 2976 disseruit,

307 2992 470 3053 inscitiam
494 2992 603 3071 potius
624 2992 788 3070 legionum
809 3011 910 3071 quarn
930 2991 1101 3053 audaciam
1121 2992 1310 3072 increpans,
1340 2994 1436 3057 nulla
1451 3024 1470 3077 22

308 3089 432 3150 Vitellii
464 3090 642 3167 mentione,
675 3090 742 3151 sive
773 3090 876 3169 ipsius
908 3109 946 3150 ea
977 3088 1170 3168 moderatio,
1203 3109 1261 3151 seu
1292 3093 1435 3173 scriptor

309 3188 462 3249 orationis
494 3188 554 3248 sibi
587 3192 733 3249 metuens
761 3188 965 3249 contumeliis
993 3188 1028 3249 in
1055 3187 1226 3249 Vitellium
1254 3188 1434 3270 abstinuit,

309 3284 455 3364 quando,
483 3289 521 3346 ut
547 3285 581 3345 in
609 3285 752 3346 consiliis
781 3283 916 3345 militiae
938 3284 1090 3346 Suetonio
1112 3285 1249 3347 Paulino
1271 3291 1305 3348 et
1327 3289 1433 3351 Mario

309 3382 416 3460 Celso,
438 3383 484 3443 ita
504 3383 539 3443 in
560 3383 655 3443 rebus
677 3381 808 3443 urbanis
831 3382 939 3444 Galeri
957 3382 1106 3443 Trachali
1120 3383 1249 3460 ingenio
1264 3384 1432 3449 Othonem

308 3481 357 3541 uti
378 3479 581 3558 credebatur.;
604 3484 636 3541 et
656 3485 762 3558 erant,
785 3481 842 3560 qui
863 3500 963 3557 genus
983 3480 1093 3560 ipsum
1114 3479 1229 3542 orandi
1243 3490 1430 3564 noscerent,
1447 3513 1470 3570 3(

308 3676 468 3684 ———

343 3814 368 3867 3.
387 3814 496 3880 proinde
515 3814 554 3865 ab.
575 3843 607 3852 -
622 3816 645 3866 7.
665 3814 692 3864 in
703 3814 773 3865 omis.
784 3813 835 3865 abl.
857 3844 889 3852 -
900 3814 924 3867 8.
944 3814 977 3865 ad
987 3832 1042 3865 rem
1052 3815 1179 3880 publicam
1189 3817 1341 3883 pertinuere
1349 3819 1429 3871 Halm

308 3920 329 3953 r.
349 3920 374 3969 p.
394 3904 542 3969 pertinuere
561 3904 666 3954 obrem
684 3903 814 3969 publicam
833 3905 964 3969 perculere
981 3903 1078 3955 Meiacr
1093 3904 1131 3955 rei
1142 3904 1260 3971 publicae
1272 3908 1427 3973 pertimuere

311 3990 386 4043 Orell.
407 3992 573 4058 (pertimuere
593 3992 682 4042 babent
701 3993 811 4059 quinque
826 3993 881 4043 cdd.
894 3991 956 4059 aeq.)
976 4022 1008 4030 -
1028 3993 1053 4045 9.
1073 3992 1225 4059 ineptaab1.
1246 3997 1340 4049 -13.
1360 3996 1426 4063 quic

307 4081 370 4147 quid
389 4082 419 4133 F.
446 4108 479 4118 —
500 4080 540 4133 16.
566 4080 688 4131 ancilium
706 4090 806 4132 scutum
825 4082 866 4132 ucl
886 4098 959 4131 arma
976 4082 1095 4133 caelestia
1113 4081 1144 4132 ab
1161 4082 1426 4153 (b291macmpuactis

306 4170 389 4237 delet).
411 4200 444 4206 -
463 4167 505 4220 22.
526 4168 610 4220 sterile
627 4169 699 4236 Dipo.
719 4170 798 4221 sterili
817 4171 857 4222 ab.
