3409 4909
325 453 364 512 86
752 471 892 513 conunnr
914 471 1025 513 raerrr
1293 460 1328 522 (a.
1348 475 1373 509 u.
1393 456 1446 510 8‘2‘2

323 658 420 700 suum
441 639 591 700 Vitellius
612 640 752 701 iuberet:
775 640 909 701 Cluvius
931 641 1099 702 comitatui
1114 640 1268 720 principis
1284 640 1446 717 adiectus,

323 758 389 798 non
427 737 580 816 adempta
616 738 792 817 Hispania,
832 757 931 816 quam
966 739 1049 799 rexit
1081 739 1196 799 absens
1229 739 1357 818 exempl
1411 740 1446 800 L.

323 836 518 913 <Arruntii>,
534 836 725 895 Arruntium
738 836 784 896 Ti.
802 836 918 897 Caesar
930 835 970 897 ob
981 828 1118 914 metum,
1127 837 1279 897 Vitellius
1291 837 1445 897 Cluvium

323 933 414 992 nulla
431 932 602 994 formidine
617 933 783 995 retinebat.
806 934 879 993 Non
894 933 981 995 idem
996 934 1155 995 Trebellio
1171 935 1316 995 Maximo
1331 934 1445 1010 honos,

323 1030 509 1107 Profugerat
537 1031 704 1091 Britannia
728 1031 769 1092 ob
790 1031 993 1092 iracundiam
1014 1032 1173 1093 militum:
1202 1033 1320 1094 missus
1341 1037 1389 1093 est
1411 1034 1446 1094 in
1465 1047 1481 1096 5

322 1128 431 1189 locum
453 1128 521 1188 eius
542 1128 671 1189 Vettius
693 1128 835 1189 Bolanus
857 1148 874 1189 e
895 1129 1128 1208 praesentibus.

270 1227 309 1287 66
364 1226 512 1303 Angebat
539 1226 709 1287 Vitellium
737 1226 896 1287 victarum
923 1226 1088 1304 legionum
1109 1227 1366 1306 haudquaquam
1384 1229 1446 1289 fra-

323 1329 393 1385 ctus
423 1325 560 1385 animus.
592 1324 727 1403 Sparsae
757 1344 815 1403 per
841 1324 972 1385 Italiam
1000 1330 1032 1385 et
1058 1326 1234 1387 victoribus
1263 1327 1446 1405 permixtae

322 1422 453 1484 hostilia
473 1422 706 1501 loquebantur,
734 1422 908 1502 praecipua
929 1424 1288 1500 quartadecimanorum
1311 1424 1445 1504 ferocia,

323 1521 379 1599 qui
401 1540 433 1582 se
454 1522 556 1583 victos
578 1520 780 1581 abnuebant:
809 1521 930 1600 quippe
952 1521 1156 1582 Bedriacensi
1178 1523 1245 1583 acie
1267 1521 1445 1584 vexillariis
1466 1533 1496 1586 10

322 1624 452 1679 tantum
481 1619 583 1697 pulsis
617 1618 698 1679 vires
726 1618 860 1696 legionis
888 1638 953 1679 non
982 1619 1132 1680 adfuisse.
1165 1620 1301 1682 Remitti
1328 1640 1382 1682 eos
1411 1621 1446 1681 in

322 1717 540 1793 Britanniam,
562 1715 649 1777 unde
670 1737 689 1777 a
710 1717 836 1777 Nerone
858 1717 955 1778 exciti
976 1722 1084 1794 erant,
1106 1718 1230 1797 placuit
1251 1722 1348 1797 atque
1365 1719 1446 1780 inte-

322 1815 383 1873 rim
411 1815 609 1875 Batavorum
637 1814 784 1875 cohortes
812 1833 878 1874 una
906 1814 1036 1875 tendere
1065 1814 1106 1875 ob
1127 1820 1268 1876 veterem
1290 1816 1445 1877 adversus

323 1911 623 1989 quartadecimanos
651 1911 854 1972 discordiam.
882 1912 948 1973 Nec
976 1912 1033 1972 diu
1061 1912 1094 1973 in
1123 1913 1222 1973 tantis
1245 1919 1445 1974 armatorum

323 2010 404 2070 odiis
434 2010 523 2088 quies
549 2010 619 2071 fuit.
649 2012 813 2087 Augustae
835 2010 1052 2071 Taurinorum
1074 2010 1153 2070 dum
1175 2012 1324 2090 opificem
1346 2032 1446 2092 quen·
1466 2023 1495 2073 lo

322 2108 399 2167 dam
420 2101 562 2169 Batavus
577 2114 615 2169 ut
628 2107 846 2169 fraudatorem
861 2095 1053 2186 insectatur,
1075 2109 1269 2186 legionarius
1284 2115 1321 2170 ut
1335 2110 1445 2189 hospi-

322 2212 388 2267 tem
415 2210 539 2283 tuetur,
571 2206 622 2265 sui
650 2206 766 2283 cuique
794 2206 1031 2267 commilitones
1059 2207 1222 2284 adgregati
1250 2208 1445 2270 aconviciis

322 2303 363 2362 ad
392 2302 521 2364 caedem
550 2303 704 2364 transiere
711 2324 719 2379 ;
752 2309 784 2364 et
811 2304 972 2383 proelium
1000 2309 1094 2366 atrox
1121 2305 1266 2381 arsisset,
1298 2306 1334 2365 ni
1361 2305 1446 2367 duae

322 2402 499 2479 praetoriae
527 2400 672 2462 cohortes
701 2420 833 2461 causam
861 2402 1219 2480 quartadecimanorum
1243 2408 1371 2464 secutae
1393 2404 1445 2464 his

322 2498 475 2559 fiduciam
500 2503 532 2559 et
552 2503 677 2559 metum
698 2499 829 2559 Batavis
851 2499 1009 2560 fecissent.
1039 2499 1127 2570 Quos
1149 2500 1301 2561 Vitellius
1323 2502 1446 2579 agmini
1464 2510 1498 2564 20

322 2617 381 2657 suo
408 2598 498 2673 iungi
526 2602 563 2657 ut
590 2583 686 2673 fidos,
714 2596 872 2673 legionem
903 2598 1007 2657 Graiis
1036 2597 1175 2677 Alpibus
1201 2598 1387 2660 traductam
1408 2619 1445 2660 eo

319 2695 409 2756 flexu
436 2695 559 2756 itineris
586 2695 632 2755 ire
659 2694 766 2772 iubet,
794 2714 859 2774 quo
882 2696 1044 2755 Viennam
1065 2696 1221 2757 vitarent:
1250 2717 1392 2777 namque
1415 2704 1447 2759 et

320 2794 520 2855 Viennenses
550 2793 757 2854 timebantur.
796 2793 913 2871 Nocte,
953 2813 1018 2872 qua
1051 2793 1315 2872 proficiscebatur
1345 2795 1445 2873 legio,

320 2894 440 2955 relictis
461 2892 582 2971 passim
600 2891 729 2968 ignibus
743 2911 817 2970 pars
833 2891 994 2952 Taurinae
1009 2892 1153 2953 coloniae
1169 2891 1334 2971 ambusta,
1358 2894 1446 2971 quod

323 2992 502 3067 damnum,
519 2994 556 3050 ut
576 2989 729 3068 pleraque
751 2988 828 3049 belli
843 2989 947 3067 mala,
968 2989 1145 3050 maioribus
1161 2990 1299 3050 aliarum
1314 2990 1446 3052 urbium
1465 2999 1498 3051 25

323 3088 470 3151 cladibus
507 3088 738 3149 oblitteratum.
778 3086 1063 3158 Quartadecimani
1100 3092 1273 3166 postquam
1306 3088 1445 3168 Alpibus

323 3186 462 3264 degressi
489 3190 581 3262 sunt,
610 3185 873 3246 seditiosissimus
903 3186 1039 3265 quisque
1067 3186 1158 3263 signa
1184 3187 1347 3247 Viennam
1368 3187 1446 3247 fere·

323 3286 417 3346 bant:
447 3303 604 3345 consensu
624 3283 805 3344 -meliorum
831 3284 994 3362 conpressi
1021 3288 1052 3344 et
1079 3283 1161 3361 legio
1185 3284 1220 3344 in
1242 3284 1445 3345 Britanniam

231 3370 233 3373 ⁵
270 3387 307 3451 67
322 3386 514 3444 transvecta.
543 3380 715 3441 Proximus
743 3381 875 3442 Vitellio
904 3400 921 3441 e
942 3381 1112 3461 praetoriis
1130 3381 1317 3442 cohortibus
1339 3386 1445 3443 metus

324 3485 400 3541 erat.
433 3478 577 3558 Separati
608 3478 768 3557 primum,
807 3477 923 3538 deinde
955 3476 1066 3538 addito
1096 3477 1251 3539 honestae
1282 3478 1445 3539 missionis
1465 3490 1499 3543 30

323 3672 484 3679 ——.--

360 3804 384 3855 3.
406 3800 563 3871 <Arruntii>
583 3801 642 3851 add.
661 3800 752 3850 Rider.
773 3800 803 3850 L.
823 3798 952 3850 Arruntii.
970 3815 1029 3849 eum
1039 3798 1080 3849 Ti.
1100 3798 1221 3849 Picheno.
1242 3798 1310 3848 -4,
1329 3795 1446 3849 hdldel'

326 3946 409 4012 (prior
427 3946 444 3996 d
463 3946 545 3995 deleta
563 3947 618 4009 est).
639 3974 670 3981 —
683 3944 706 3996 6.
727 3942 821 3993 bettius
831 3942 861 3992 F.
883 3942 969 3992 -11.
989 3939 1144 4007 legionirFl.
1164 3970 1198 3977 --
1210 3941 1251 3993 15.
1271 3904 1445 4005 1181181311.-

327 4088 367 4139 19,
393 4052 450 4138 dass
474 4087 504 4137 F.
530 4116 563 4124 -—
588 4086 631 4137 21.
657 4094 714 4151 grat
739 4085 835 4151 salpib3
861 4085 883 4135 F
909 4114 941 4121 —
966 4085 1008 4137 23.
1035 4082 1263 4149 proficiscebantur
1282 4080 1324 4133 Fl.
1351 4111 1384 4119 -
1403 4081 1445 4132 24.

324 4177 438 4240 colonih,
459 4175 542 4226 F1-
562 4175 605 4227 27.
625 4174 736 4241 degressi
755 4174 868 4224 Pichena
887 4173 994 4239 digressi
1013 4174 1043 4223 F.
1064 4202 1097 4208 -
1116 4170 1158 4224 28.
1178 4175 1303 4222 consensu
1320 4170 1351 4221 F.
