3409 4909
322 473 381 535 210
747 491 888 534 coenem
909 491 1020 535 rscrrr
1293 478 1329 541 (a.
1349 494 1375 529 u.
1395 476 1449 531 823

321 680 378 739 per
405 660 548 740 quietem
575 660 688 722 decore
715 661 835 721 eximio
857 666 889 723 et
909 661 1030 722 maiore
1051 680 1150 740 quam
1171 661 1321 722 humana
1342 662 1451 741 specie

321 760 489 836 iuvenem,
517 759 574 837 qui
603 764 762 837 moneret,
791 764 829 820 ut
856 758 1021 820 fidissimis
1048 758 1225 820 amicorum
1247 759 1282 819 in
1305 760 1451 822 Pontum

322 857 428 917 missis
456 856 593 934 effigiem
621 875 715 918 suam
743 857 876 918 acciret:
904 857 1027 918 laetum
1055 856 1089 917 id
1109 876 1207 934 regno
1229 875 1452 937 magnamque

322 960 353 1015 et
367 953 524 1015 inclutam
539 953 649 1015 sedem
663 954 746 1032 fore,
762 973 845 1034 quae
861 954 1053 1033 excepisset3
1069 954 1167 1015 simul
1182 954 1290 1016 visum
1306 954 1451 1015 eundem

321 1050 472 1113 iuvenem
500 1053 534 1112 in
560 1052 687 1113 caelum
708 1052 781 1127 igne
801 1052 944 1131 plurimo
966 1051 1081 1113 attolli.
1111 1051 1315 1113 Ptolemaeus
1339 1053 1452 1114 omine
1470 1067 1486 1119 5

321 1154 354 1209 et
381 1149 536 1210 miraculo
565 1150 689 1211 excitus
711 1149 931 1211 sacerdotibus
952 1150 1206 1229 Aegyptiorum,
1235 1150 1355 1228 quibus
1377 1170 1452 1213 mos

321 1246 400 1307 talia
420 1246 617 1324 intellegere,
642 1253 818 1308 nocturnos
839 1248 929 1309 visus
951 1248 1054 1326 aperit
1061 1267 1069 1325 ;
1092 1254 1189 1327 atque
1210 1248 1275 1309 illis
1298 1249 1397 1309 Ponti
1420 1254 1453 1310 et

322 1350 528 1406 externorum
549 1364 665 1425 parum
686 1345 810 1423 gnaris,
833 1346 1041 1408 Timotheum
1063 1347 1295 1408 Atheniensem
1318 1368 1335 1408 e
1353 1353 1452 1426 gente

322 1443 609 1523 Eumolpidarum,
631 1462 728 1523 quem
750 1449 788 1505 ut
808 1444 986 1505 antistitem
1009 1444 1277 1506 caerimoniarum
1293 1445 1452 1507 Eleusine

322 1543 499 1617 exciverat,
521 1561 682 1621 quaenam
703 1541 761 1602 illa
774 1542 976 1620 superstitio,
999 1542 1086 1621 quod
1101 1561 1239 1613 numen,
1261 1543 1450 1621 interrogat.
1471 1554 1504 1608 10

322 1640 511 1701 Timotheus
542 1639 713 1719 quaesitis,
745 1639 802 1719 qui
833 1640 868 1700 in
899 1641 1040 1701 Pontum
1073 1645 1250 1717 meassent,
1282 1643 1453 1718 cognoscit

322 1738 434 1798 urbem
456 1738 523 1799 illic
544 1738 685 1817 Sinopen
705 1757 764 1799 nec
785 1737 899 1816 procul
920 1738 1080 1817 templum
1102 1743 1207 1800 vetere
1221 1739 1308 1799 inter
1322 1741 1451 1803 accolas

321 1835 408 1895 fama
436 1835 523 1897 Iovis
552 1835 651 1896 Ditis:
680 1855 823 1915 namque
848 1841 880 1897 et
901 1836 1094 1897 muliebrem
1116 1836 1254 1913 effigiem
1274 1836 1451 1915 adsistere,

322 1952 421 2011 quam
456 1932 601 2012 plerique
632 1933 859 2011 Proserpinam
891 1938 1015 1995 vocent.
1055 1932 1118 1995 Sed
1149 1933 1373 2013 PtolemaeuS,
1414 1941 1452 1997 ut

322 2036 398 2091 sunt
425 2030 554 2107 ingenia
580 2049 707 2108 regum,
736 2050 858 2110 pronus
887 2031 928 2091 ad
956 2030 1179 2109 formidinem,
1207 2031 1264 2092 ubi
1291 2034 1452 2095 securitas
1470 2044 1501 2097 15

321 2128 432 2204 rediit,
471 2127 678 2207 voluptatum
716 2147 815 2206 quam
846 2129 1038 2205 religionum
1070 2127 1241 2207 adpetens,
1280 2129 1451 2208 neglegere

322 2228 481 2306 paulatim
509 2227 652 2305 aliasque
681 2227 722 2287 ad
750 2246 843 2288 curas
872 2228 1020 2287 animum
1041 2231 1178 2304 vertere,
1208 2226 1311 2288 donec
1333 2229 1449 2290 eadem

322 2325 442 2404 species
473 2325 645 2386 terribilior
673 2325 738 2384 iam
767 2329 799 2385 et
826 2325 998 2386 instantior
1027 2324 1164 2385 exitium
1192 2324 1254 2403 ipsi
1283 2345 1450 2406 regnoque

322 2422 542 2500 denuntiaret,
580 2423 614 2483 ni
652 2423 740 2483 iussa
774 2427 988 2501 patrarentur.
1027 2422 1112 2482 Tum
1143 2421 1264 2499 legatos
1297 2428 1329 2483 et
1362 2423 1451 2485 dona

322 2521 582 2601 Scydrothemidi
609 2520 674 2597 regi
702 2521 743 2598 (is
770 2526 849 2581 tunc
877 2518 1111 2598 Sinopensibus
1139 2519 1366 2598 imperitabat)
1396 2540 1449 2582 ex·
1467 2505 1500 2589 2l)

321 2619 424 2697 pediri
451 2618 541 2679 iubet
568 2618 794 2697 praecepitque
822 2616 1037 2695 navigaturis,
1066 2622 1104 2677 ut
1123 2616 1300 2696 Pythicum
1321 2619 1449 2698 Apolli·

320 2737 395 2777 nem
411 2717 536 2777 adeant.
559 2716 629 2777 illis
643 2735 731 2776 mare
746 2715 939 2791 secundum,
954 2733 1021 2775 sors
1037 2714 1158 2775 oraculi
1173 2713 1262 2774 haud
1276 2714 1448 2793 ambigua:

320 2816 403 2875 irent
440 2814 714 2893 simulacrumque
745 2814 846 2892 patris
877 2813 928 2872 sui
959 2812 1163 2889 reveherent,
1202 2812 1318 2872 sororis
1352 2813 1450 2873 relin-

268 2919 307 2979 84
321 2917 464 2992 querent.
497 2913 538 2972 Ut
565 2911 706 2990 Sinopen
734 2930 865 2988 venere,
894 2928 1029 2969 munera
1056 2928 1165 2988 preces
1187 2908 1343 2970 mandata
1365 2910 1450 2988 regis

321 3011 371 3070 sui
393 3010 652 3089 Scydrothemidi
671 3009 829 3086 adlegant.
852 3008 917 3079 Qui
932 3007 1078 3069 diversus
1093 3007 1194 3068 animi
1209 3006 1307 3068 modo
1322 3027 1449 3069 numen
1467 3025 1500 3080 25

321 3127 505 3187 pavescere,
543 3108 639 3169 modo
676 3108 773 3167 minis
805 3106 1006 3167 adversantis
1038 3105 1152 3184 populi
1182 3105 1310 3181 terreri;
1351 3125 1449 3185 saepe

321 3205 414 3266 donis
452 3206 683 3284 promissisque
721 3205 901 3282 legatorum
934 3203 1132 3264 flectebatur.
1173 3204 1281 3282 Atque
1313 3203 1449 3264 interim

320 3304 459 3365 triennio
487 3309 600 3365 exacto
629 3303 831 3364 Ptolemaeus
853 3322 920 3363 non
941 3301 1104 3378 studium,
1133 3320 1198 3361 non
1219 3319 1329 3379 preces
1352 3302 1449 3362 omit

320 3410 401 3479 tere,
424 3401 615 3479 dignitatem
636 3401 831 3477 legatorum,
858 3418 1030 3459 numerum
1051 3398 1201 3475 navium,
1224 3398 1294 3458 auri
1315 3398 1450 3476 pondus

358 3606 380 3654 l.
409 3604 490 3669 specio
515 3604 538 3653 F
557 3605 640 3670 (crea
661 3602 714 3666 cat).
744 3632 777 3639 —
797 3603 822 3653 4.
847 3602 943 3652 incluta
961 3600 995 3651 Fl
1013 3601 1108 3665 inclyte
1126 3598 1162 3651 1³2
1179 3600 1238 3650 item
1252 3618 1280 3667 p.
1301 3599 1392 3655 2145.
1414 3631 1447 3640 —-

320 3693 403 3743 eunde
421 3693 451 3742 F.
478 3722 503 3729 -
526 3694 549 3745 o.
570 3692 694 3742 miracula
711 3692 741 3741 F.
769 3721 801 3727 --
821 3692 846 3743 8.
871 3695 938 3757 parii
956 3690 979 3740 F
999 3688 1229 3757 (mannicum).
1250 3719 1283 3725 -
1303 3698 1397 3754 egente
1415 3696 1449 3740 eir

320 3782 438 3847 olpidaui
457 3782 486 3831 F.
509 3810 540 3817 -
561 3781 585 3832 9.
605 3779 727 3831 Eleusine
746 3780 768 3830 J.
789 3780 820 3830 F.
843 3778 950 3831 Gronov.
971 3778 1076 3829 eleusim
1096 3777 1126 3828 F.
1147 3806 1180 3814 -
1198 3777 1238 3828 14.
1258 3784 1288 3827 ut
1300 3775 1303 3847 l
1317 3786 1346 3828 ut
1361 3778 1392 3830 F.
1413 3808 1447 3816 -—

323 3872 362 3922 17,
383 3871 473 3921 litoret'
494 3871 515 3920 F
534 3873 557 3934 (t
575 3871 622 3920 del.
643 3873 697 3934 cat).
717 3899 750 3906 -
771 3869 870 3936 eadem]
890 3868 951 3945 cpde
971 3868 1000 3918 F.
1022 3896 1054 3904 —
1077 3866 1116 3919 19.
1136 3873 1304 3933 patrarentur
1322 3868 1378 3918 cdd.
1394 3885 1448 3934 aeq.

321 4021 469 4078 paterentur
493 4013 523 4062 F.
550 4043 582 4049 -
602 4012 683 4062 donas
702 4009 744 4062 Fl.
770 4041 802 4048 -
822 4011 865 4064 20.
889 3976 929 4076 1ἓὶ
948 4011 978 4062 F.
1005 4041 1038 4048 —
1058 4009 1100 4061 21.
1123 4009 1299 4077 praecipitque
1318 4010 1374 4060 cdd.
1393 4028 1447 4077 aeq.

320 4102 400 4168 Nipp.
431 4131 463 4138 -
488 4102 612 4166 Pythlum
637 4102 691 4151 cdd.
717 4119 767 4166 seq.
791 4100 871 4167 Nipp.
901 4130 934 4137 --
954 4098 996 4151 25.
1025 4099 1077 4150 suis
1095 4098 1138 4151 Fl.
1163 4129 1196 4137 —
1216 4099 1318 4164 elegant
1337 4098 1380 4149 1²1.
1411 4128 1446 4137 -

320 4191 437 4241 diuersus
456 4190 611 4241 Puteolanas
628 4195 670 4254 ris;
692 4190 721 4240 F.
743 4219 775 4226 —
794 4188 836 4242 ⁴28.
856 4190 967 4255 ptoloms
987 4189 1017 4239 F.
