3409 4909
281 481 307 530 p.
327 463 374 515 Ch.
394 462 439 525 69)
614 479 840 522 Hrsroamaurr
862 462 918 521 IV.
942 460 1068 521 19-22.
1344 461 1402 521 169

281 647 462 728 plurimum
492 648 608 709 cladis:
640 646 824 709 cumulatae
852 648 1039 727 corporibus
1067 648 1186 724 fossae3
1218 668 1276 709 nec
1305 647 1401 708 caede

281 752 412 808 tantum
451 752 483 807 et
519 746 719 824 volneribus,
758 746 815 806 sed
852 746 947 806 ruina
984 751 1016 806 et
1053 746 1119 807 suis
1153 745 1297 825 plerique
1330 745 1402 805 telis

281 845 439 906 interiere.
461 845 605 905 Victores
620 844 746 905 colonia
760 842 1047 923 Agrippinensium
1063 843 1179 920 vitata,
1202 842 1283 903 nihil
1299 846 1402 903 cetero

282 940 317 1001 in
337 941 452 1002 itinere
473 940 589 1002 hostile
611 942 697 1018 ausi,
719 942 890 1001 Bonnense
909 941 1068 1020 proelium
1083 941 1298 1017 excusabant,
1320 946 1402 1002 tam-

248 1056 383 1118 5quam
412 1039 513 1117 petita
540 1058 634 1118 pace,
662 1045 835 1119 postquam
865 1039 1057 1116 negabatur,
1086 1038 1216 1100 sibimet
1242 1039 1305 1118 ipsi
1329 1058 1402 1100 con·

284 1136 469 1197 suluissent.

323 1233 437 1295 Civilis
458 1233 600 1295 adventu
621 1241 845 1295 veteranarum
868 1234 1050 1295 cohortium
1071 1235 1149 1295 iusti
1162 1235 1228 1295 iam
1243 1236 1401 1296 exercitus
1417 1235 1453 1297 21

283 1331 414 1409 ductor,
443 1330 498 1392 scd
527 1332 652 1393 consilii
679 1332 850 1409 ambiguus
878 1336 911 1392 et
939 1331 1006 1393 vim
1030 1332 1212 1392 Romanam
1233 1338 1402 1410 reputans,

284 1434 432 1506 cunctos,
462 1429 518 1508 qui
546 1429 695 1506 aderant,
723 1430 757 1490 in
787 1428 883 1491 verba
904 1430 1095 1509 Vespasiani
1116 1429 1216 1506 adigit
1237 1430 1402 1508 mittitque

233 1544 265 1598 10
283 1527 406 1604 legatos
431 1526 473 1587 ad
494 1527 575 1587 duas
596 1527 752 1605 legiones,
780 1545 864 1607 quae
885 1528 989 1606 priore
1010 1527 1078 1588 acie
1099 1526 1211 1606 pulsae
1232 1528 1266 1587 in
1289 1527 1404 1588 Vetera

284 1631 389 1686 castra
415 1631 652 1702 concesserant,
680 1630 717 1685 ut
738 1625 824 1686 idem
845 1630 1085 1686 sacramentum
1106 1625 1294 1705 acciperent.
1322 1624 1409 1686 Red-

285 1723 374 1783 ditur
400 1724 609 1802 respons'um,
637 1743 729 1801 neque
751 1724 919 1802 proditoris
946 1743 1037 1801 aeque
1064 1723 1193 1783 boatium
1219 1743 1248 1783 16
1272 1723 1404 1784 consiliio

284 1820 350 1881 ati:
372 1820 506 1881 macelli
534 1822 687 1881 Vitellium
702 1822 890 1900 principem,
909 1842 965 1899 pro
987 1842 1043 1899 quo
1058 1820 1153 1899 fidem
1172 1830 1199 1881 61
1213 1842 1301 1881 ormo
1314 1842 1405 1899 oeque

284 1919 328 1979 ud
357 1939 529 1997 supremum
558 1919 702 1998 spiritum
732 1927 915 1993 remoturus,-
950 1918 1081 1997 proinde
1106 1918 1237 1996 perfupo
1268 1920 1405 1978 Buteone

232 2035 264 2087 15
284 2016 448 2077 arbitrium
477 2036 577 2077 rerum
606 2017 813 2077 Romanorum
842 2036 879 2075 116
910 2024 1022 2094 operat,
1059 2016 1110 2075 aad
1139 2016 1263 2076 maritos
1292 2015 1406 2076 sceleris

281 2134 396 2193 poenus
422 2123 591 2193 aspectaret.
620 2114 710 2186 Quae
738 2114 794 2175 ubi
822 2115 923 2175 relata
952 2113 1062 2190 Civili,
1090 2114 1239 2175 incensus
1265 2115 1311 2174 ira
1333 2114 1404 2174 uni-

285 2231 412 2274 versam
434 2213 630 2273 Batavorum
651 2217 779 2289 gentem
794 2212 827 2271 in
843 2231 932 2271 arma
947 2212 1040 2290 rapit.
1063 2211 1246 2289 Iunguntur
1261 2212 1405 2272 Bructeri

285 2310 496 2389 Tencterique
517 2314 549 2370 et
570 2309 676 2370 excita
695 2309 819 2369 nuntiis
841 2308 1015 2369 Germania
1037 2309 1078 2369 ad
1099 2310 1251 2387 praedam
1270 2309 1404 2369 famam-

286 2426 358 2486 que.
387 2406 550 2467 Adversus
577 2407 636 2467 has
663 2407 880 2467 concurrentis
900 2406 978 2467 belli
999 2407 1104 2467 minas
1125 2407 1221 2485 legati
1242 2408 1405 2484 legionum
1420 2410 1462 2469 22

232 2523 267 2577 20
286 2505 419 2566 Munius
448 2505 612 2583 Lupercus
640 2510 672 2566 et
699 2505 867 2565 Numisius
889 2504 992 2565 Rufus
1015 2504 1139 2565 vallum
1160 2525 1333 2584 murosque
1354 2504 1405 2564 fir-

285 2602 430 2663 mabant.
458 2602 618 2664 Subvcrsa
645 2602 758 2679 longae
786 2602 875 2681 pacis
904 2622 1016 2681 opera,
1045 2603 1134 2663 haud
1160 2603 1272 2682 procul
1294 2603 1405 2663 castris

287 2702 321 2761 in
341 2700 477 2761 modum
499 2701 668 2780 municipii
690 2706 852 2778 extructa,
866 2715 916 2761 'ne
937 2700 1084 2761 hostibus
1106 2701 1180 2761 usui
1200 2700 1312 2761 forent.
1342 2700 1404 2761 Sed

286 2820 404 2879 parum
431 2799 614 2878 provisum,
643 2804 680 2859 ut
706 2799 819 2877 copiae
843 2800 878 2858 in
906 2804 1011 2859 castra
1039 2799 1308 2876 conveherentur;
1335 2799 1406 2878 rapi

286 2896 476 2976 permisere:
504 2897 550 2957 ita
577 2896 688 2975 paucis
716 2895 829 2956 diebus
855 2916 911 2975 per
932 2896 1098 2957 licentiam
1119 2896 1292 2975 absumpta
1314 2902 1405 2973 sunt,

235 3012 269 3065 25
287 3015 370 3075 quae
402 2993 556 3060 adversus
587 2995 792 3055 necessitates
823 2995 858 3054 in
889 2994 1022 3071 longum
1054 2995 1262 3056 suffecissent.
1295 2995 1407 3056 Civilis

288 3092 434 3154 medium
458 3112 573 3169 agmen
594 3111 669 3152 cum
690 3091 802 3152 robore
823 3092 1021 3153 Batavorum
1043 3092 1207 3167 obtinens,
1236 3098 1407 3172 utramque

288 3190 394 3251 Rheni
431 3190 552 3269 ripam,
591 3209 655 3269 quo
691 3190 902 3251 truculentior
934 3191 1006 3252 visu
1037 3190 1133 3267 soret,
1172 3191 1404 3251 Germanorum

288 3288 425 3349 catervis
447 3288 602 3367 complet,
624 3288 808 3349 adsultante
829 3308 887 3366 per
905 3308 1036 3367 campos
1051 3289 1173 3367 equite;
1196 3288 1293 3349 simul
1308 3308 1407 3349 naves

287 3386 322 3446 in
350 3386 523 3447 adversum
551 3405 681 3446 amnem
709 3385 895 3464 agebantur.
929 3387 1016 3447 Hinc
1045 3392 1269 3448 veteranarum
1298 3386 1408 3447 cohor-

327 3648 349 3698 1.
374 3648 501 3719 eumolate
520 3646 562 3699 F1.
594 3678 622 3684 —
641 3648 696 3719 cedi
715 3648 744 3697 F.
766 3677 798 3684 -
818 3648 842 3699 3.
868 3647 974 3698 interire
992 3648 1022 3699 F.
1043 3677 1075 3686 —
1094 3648 1278 3713 Agrippinensi
1299 3648 1407 3710 Mamer,

289 3736 649 3789 611,6.556163116611611
667 3736 737 3786 Hui.
758 3736 779 3785 Ι.
800 3737 848 3799 56;
869 3736 918 3787 IV.
938 3735 986 3798 25,
1007 3736 1054 3799 56,
1076 3737 1117 3788 63.
1139 3765 1170 3772 --
1190 3735 1214 3785 4.
1235 3736 1354 3786 bonensc.
1375 3764 1408 3772 -

290 3824 314 3876 6.
333 3824 483 3875 esitusisent.
504 3854 537 3861 —
559 3825 598 3876 14.
618 3814 712 3889 supini]
730 3842 787 3890 spur
805 3826 828 3874 F
846 3825 876 3889 es.
899 3824 984 3877 llos.
1005 3854 1037 3861 -
1058 3826 1097 3877 15.
1118 3824 1243 3874 arbitrum
1252 3824 1409 3874 Puteolanus

289 3914 333 3964 aad
351 3914 380 3978 es.
400 3914 470 3963 Ana.
492 3914 576 3966 13.14.
607 3943 639 3951 —
659 3920 798 3965 romanon'r
817 3914 839 3963 F
859 3914 1038 3963 Romanarum
1057 3913 1142 3979 nrrlqo.
1163 3943 1196 3950 —
1216 3913 1307 3963 merita
1325 3913 1355 3962 F.
1375 3941 1408 3949 -

291 4003 332 4056 16.
361 4002 460 4067 insens3
488 4002 530 4053 Fl.
560 4032 592 4040 -
615 4004 654 4053 17.
674 4013 746 4053 arma
769 4003 792 4053 F
812 4003 882 4064 (del.
903 4002 956 4067 est).
978 4032 1009 4039 —-
1029 4002 1138 4052 brutteri
1156 4000 1198 4052 Fl.
1230 4031 1260 4038 -
1283 4002 1322 4052 ra
1351 4019 1409 4051 con·

289 4091 417 4157 surgentis
443 4090 563 4143 Cornelis.
594 4122 625 4128 —
645 4090 687 4143 [23.
717 4100 745 4142 ut
764 4092 835 4157 Lipa
856 4091 882 4141 ui
902 4092 930 4141 F.
962 4121 993 4127 -
1014 4089 1055 4141 ao.
1085 4100 1221 4156 utramque
1239 4091 1261 4140 F
1280 4090 1411 4155 utrimque

289 4180 362 4247 Lips.
383 4210 416 4217 -
435 4178 478 4232 29.
498 4181 688 4247 amnemlanen
708 4180 738 4230 F.
