3409 4909
249 499 277 549 p.
301 481 353 534 tn.
375 482 421 546 69)
598 499 825 542 ursroarnnuru
846 482 891 543 II.
915 484 1041 543 11-14.
1341 484 1381 545 59

252 667 424 745 montani,
445 672 483 729 ut
503 667 620 747 quibus
641 673 760 731 temere
782 669 939 746 collectis,
962 689 1028 730 non
1042 675 1161 745 castra,
1183 689 1250 731 non
1264 670 1379 732 ducem

254 764 495 827 noscitantibus
523 786 627 844 neque
654 767 689 827 in
717 767 851 828 victoria
880 766 977 828 decus
1005 773 1087 829 esset
1114 786 1219 846 neque
1246 768 1281 829 in
1304 768 1381 846 fuga

254 864 429 942 flagitium.
457 864 606 926 Irritatus
633 885 671 926 eo
699 864 821 945 proelio
850 865 987 927 Othonis
1016 865 1108 927 miles
1137 867 1234 928 vertit
1261 868 1325 927 iras
1346 868 1381 928 in
1396 868 1433 929 13

256 962 477 1040 municipium
504 961 769 1024 Albintimilium.
799 964 928 1043 Quippe
955 964 989 1024 in
1018 965 1086 1025 acie
1113 964 1197 1025 nihil
1225 963 1378 1044 praedae,

232 1060 371 1140 tinopes
403 1065 540 1139 agrestes
572 1065 604 1122 et
622 1061 713 1121 >vilia
741 1081 846 1138 arma3
879 1081 937 1123 nec
965 1062 1039 1140 capi
1067 1067 1231 1142 poterant,
1264 1065 1380 1143 pernix

255 1177 356 1236 genus
380 1163 412 1219 et
431 1160 523 1237 gnari
544 1158 702 1220 locorum:
724 1158 780 1220 sed
802 1159 1042 1221 calamitatibus
1056 1160 1236 1221 insontium
1251 1162 1380 1242 expleta

256 1256 403 1318 avaritia.
433 1256 536 1317 Auxit
562 1255 721 1317 invidiam
748 1257 912 1337 praeclaro
942 1258 1091 1337 exemplo
1120 1258 1241 1320 femina
1267 1260 1378 1338 Ligus,

257 1349 339 1433 quae
372 1353 441 1415 filio
470 1353 596 1432 abdito,
635 1375 709 1415 cum
741 1356 839 1417 simul
870 1358 1043 1437 pecuniam
1075 1357 1229 1419 occultari
1260 1358 1379 1419 milites

256 1451 470 1513 credidissent
501 1472 601 1532 eoque
632 1473 688 1533 per
719 1454 880 1515 cruciatus
909 1455 1157 1533 interrogarent,
1189 1456 1247 1516 ubi
1274 1456 1379 1517 filium

232 1550 434 1629 torcularet,
456 1556 584 1613 uterum
606 1551 778 1613 ostendens
800 1552 885 1631 <ibi>
906 1552 1004 1614 latere
1023 1553 1208 1632 respondit,
1230 1573 1288 1614 nec
1302 1554 1379 1615 ullis

257 1646 375 1709 deinde
412 1648 585 1710 terroribus
623 1654 681 1711 aut
718 1654 822 1711 morte
860 1649 1077 1710 constantiam
1115 1652 1203 1713 vocis
1238 1653 1379 1730 egregiae

256 1747 408 1807 mutavit.

295 1843 473 1905 imminere
490 1845 675 1923 provinciae
689 1845 906 1923 Narbonensi,
928 1846 963 1905 in
978 1845 1075 1907 verba
1091 1846 1214 1907 Vitellii
1229 1847 1362 1909 adactae
1371 1896 1378 1926 ,
1396 1849 1433 1908 14

258 1942 394 2004 classem
422 1942 559 2004 Othonis
583 1943 702 2024 trepidi
722 1943 830 2004 nuntii
852 1943 952 2004 Fabio
976 1943 1105 2004 Valenti
1126 1944 1277 2022 attulere;
1308 1945 1380 2007 ade·

232 2043 330 2100 itant
358 2040 455 2117 legati
483 2041 683 2102 coloniarum
711 2041 872 2101 auxilium
900 2046 1036 2102 orantes.
1065 2040 1154 2102 Duas
1176 2043 1380 2119 Tungrorum

259 2136 422 2214 cohortes,
450 2143 605 2217 quattuor
625 2139 772 2218 equitum
794 2144 934 2217 turmas,
963 2139 1147 2200 universam
1169 2140 1379 2201 Treverorum

259 2234 345 2295 alam
373 2255 449 2296 cum
477 2235 562 2298 Iulio
590 2236 731 2297 Classico
756 2236 916 2316 praefecto
939 2237 1042 2313 misit3
1071 2236 1228 2317 equibus
1250 2250 1323 2317 pars
1345 2240 1380 2299 in

259 2332 386 2393 colonia
414 2333 626 2394 Foroiuliensi
654 2338 794 2410 retenta,
823 2353 864 2394 ne
885 2334 1036 2395 omnibus
1057 2335 1157 2413 copiis
1179 2336 1214 2394 in
1234 2340 1381 2397 terrestre

258 2429 316 2491 iter
337 2430 439 2492 versis
461 2450 562 2491 vacuo
584 2430 667 2491 mari
688 2431 797 2491 classis
813 2430 1016 2492 adceleraret.
1039 2431 1216 2492 Duodecim
1233 2434 1381 2512 equitum

232 2530 385 2589 lturmac
413 2532 446 2588 et
471 2528 547 2589 lecti
575 2548 592 2589 c
620 2527 806 2589 cohortibus
830 2528 984 2590 adversus
1007 2528 1133 2590 hostem
1155 2531 1233 2606 iere,
1262 2531 1380 2609 quibus

259 2624 413 2687 adiuncta
434 2626 589 2703 Ligurum
610 2626 740 2703 cohors,
762 2632 855 2687 vetus
876 2627 938 2687 loci
961 2626 1137 2704 auxilium,
1160 2632 1192 2688 et
1213 2628 1380 2707 quingenti

259 2723 435 2798 Pannonii,
463 2723 610 2785 nondum
638 2723 698 2784 sub
726 2723 833 2801 signis.
865 2724 929 2784 Nec
958 2743 1049 2784 mora
1069 2724 1207 2803 proelio,
1236 2724 1291 2785 sed
1313 2726 1380 2786 acie

258 2822 303 2883 ita
330 2822 504 2899 instructa,
533 2826 571 2882 ut
598 2842 672 2901 pars
700 2822 908 2883 classicorum
936 2823 1048 2882 mixtis
1074 2824 1207 2901 paganis
1228 2824 1262 2883 in
1284 2822 1380 2884 colles

258 2920 341 2980 mari
372 2920 571 2999 propinquos
591 2917 780 2997 exurgeret,
812 2924 973 2998 quantum
1001 2920 1085 2980 inter
1113 2921 1209 2981 colles
1238 2941 1274 2981 ac
1302 2920 1380 2982 litus

232 3017 354 3096 iaequi
385 3016 462 3093 loci,
493 3018 715 3096 praetorianus
743 3017 839 3077 'miles
872 3017 1029 3096 expleret,
1065 3019 1099 3078 in
1131 3019 1201 3096 ipso
1232 3020 1313 3078 mari
1344 3024 1381 3079 ut

258 3112 387 3175 adnexa
414 3114 525 3176 classis
553 3121 585 3176 et
612 3134 738 3193 pugnae
766 3120 880 3195 parata
908 3135 1062 3176 conversa
1083 3120 1115 3176 et
1135 3117 1255 3177 minaci
1277 3116 1380 3177 ironte

258 3212 536 3292 praetenderetur:
568 3214 750 3290 Vitelliani,
782 3214 906 3293 quibus.
932 3214 1039 3274 minor
1069 3213 1216 3293 peditum
1249 3215 1313 3291 vis,
1345 3216 1380 3275 in

257 3312 367 3392 equite
392 3311 505 3389 robur,
536 3311 673 3391 Alpinos
694 3312 851 3390 proximis
874 3312 971 3389 iugis,
1000 3312 1147 3372 cohortes
1169 3311 1276 3372 densis
1298 3312 1381 3372 ordi·

257 3408 355 3470 nibus
384 3415 458 3489 post
485 3409 628 3489 equitem
655 3402 771 3470 locant.
801 3410 1013 3471 Treverorum
1034 3415 1160 3470 turmae
1182 3409 1325 3470 obtulere
1347 3429 1380 3469 se

233 3506 345 3568 lhosti
366 3508 511 3586 incaute,
540 3527 616 3569 cum
637 3508 798 3587 exciperet
819 3512 930 3568 contra
952 3512 1122 3568 veteranus
1144 3507 1252 3584 miles,
1282 3507 1380 3567 simul

947 3699 962 3732 v

291 3754 317 3805 4.
350 3752 552 3804 Albintimilium
575 3753 732 3804 lacteolam
756 3754 856 3805 albiniti
882 3755 965 3804 milita
991 3756 1029 3819 (tu
1054 3754 1161 3804 deletum
1181 3755 1226 3819 cst)
1245 3755 1275 3804 F.
1302 3783 1335 3790 —
1355 3754 1379 3806 5.

257 3842 320 3893 uilla
337 3843 369 3893 F.
391 3872 423 3879 —-
444 3844 467 3893 7.
487 3843 553 3893 ausit
572 3844 602 3894 F.
623 3873 656 3880 —
678 3843 718 3895 10.
739 3841 811 3912 <ibi>
832 3843 943 3893 Ernesti.
966 3873 997 3879 —
1020 3844 1059 3895 13.
1081 3843 1187 3893 audacto
1206 3860 1220 3893 e
1239 3844 1268 3893 F.
1290 3872 1323 3879 -
1338 3845 1378 3895 lo.

257 3933 351 3982 uuiusa
369 3930 435 3982 mire
452 3931 542 3982 uiroru
560 3932 582 3982 F
601 3933 630 3997 cf.
650 3930 737 3984 5812.
758 3962 791 3969 -
810 3931 852 3983 21.
873 3932 1020 3998 quingentis
1035 3933 1065 3982 F.
1087 3962 1119 3969 -
1133 3931 1176 3983 22.
1198 3930 1213 3993 <
1217 3933 1248 3982 ab
1264 3933 1380 3983 othonia-

257 4019 315 4089 nis>
336 4020 427 4070 inserit
444 4019 524 4087 Nipp.
541 4028 599 4087 post
616 4020 674 4084 sed,
693 4021 844 4071 uocabulum
862 4039 923 4071 uero
942 4021 1105 4071 classicorum
1120 4021 1182 4071 sutis
1196 4021 1291 4070 indicat
1308 4018 1380 4071 Otho·

256 4110 349 4160 m'anos
371 4109 425 4160 acie
443 4109 466 4160 F
484 4109 550 4160 acies
569 4109 692 4176 Ruperti,
717 4109 798 4176 Nipp.
818 4109 893 4161 Meis.
920 4140 952 4146 —
972 4109 1014 4161 23.
1040 4110 1140 4175 paginis
1159 4110 1188 4160 F.
1216 4140 1248 4146 —
1268 4108 1310 4161 25.
1337 4107 1381 4168 <ct

257 4196 392 4267 urbanus>
412 4197 492 4265 Nipp.
513 4199 571 4249 add.
591 4216 619 4248 er
637 4199 659 4249 1.
679 4198 721 4250 81.
743 4228 775 4235 -
795 4197 837 4250 29.
858 4198 956 4263 quitem
974 4198 996 4248 F
1015 4206 1054 4248 tre
1074 4198 1189 4248 uirorum
1208 4199 1230 4247 F
1249 4200 1278 4263 cf.
1293 4196 1379 4250 5812.
