3409 4909
779 422 835 485 237

246 611 326 670 dum
359 610 431 669 aliis
464 609 548 670 curis
580 610 743 669 intentum
773 609 932 669 Neronem
961 608 1189 688 opperiuntur,
1221 609 1304 670 inter
1333 630 1369 670 ea

246 728 329 788 quae
357 708 502 768 barbaris
530 711 733 768 ostentantur
758 707 918 766 intravere
940 706 1073 785 Pompei
1095 706 1276 784 theatrum,
1305 727 1369 786 quo

245 805 503 884 magnitudinem
525 806 638 884 populi
661 806 808 866 viserent.
830 804 897 865 illic
913 824 968 883 per
983 804 1086 865 otium
1105 840 1144 850 -
1160 805 1367 884 nequeenim

245 905 379 967 ludicris
417 905 519 981 ignari
557 903 802 964 oblectabantur
835 938 876 947 -
908 902 987 962 dum
1019 922 1203 963 consessum
1236 922 1368 978 caveae,

246 1002 435 1062 discrimina
459 1000 626 1077 ordinum,
655 1001 727 1080 quis
749 1020 862 1079 eques,
893 1001 949 1061 ubi
970 1005 1101 1061 senatus
1122 1006 1367 1079 percontantur,

247 1099 412 1160 advertere
440 1098 598 1178 quosdam
627 1098 717 1159 cultu
746 1105 881 1158 externo
901 1098 935 1158 in
957 1098 1086 1159 sedibus
1108 1104 1309 1175 senatorum3
1339 1104 1370 1159 et

247 1197 381 1277 quinam
408 1196 513 1260 forent
539 1196 728 1273 rogitantes,
757 1201 932 1275 postquam
960 1195 1129 1257 audierant
1157 1215 1268 1256 earum
1296 1214 1369 1272 gen-

246 1294 329 1355 tium
362 1293 474 1371 legatis
505 1294 537 1353 id
570 1294 702 1354 honoris
734 1292 864 1370 datum,
897 1313 979 1373 quae
1009 1294 1127 1354 virtute
1162 1298 1193 1355 et
1227 1293 1370 1353 amicitia

247 1393 394 1453 Romana
415 1391 658 1471 praecellerent,
680 1391 787 1452 nullos
809 1391 997 1452 mortalium
1020 1392 1117 1452 armis
1140 1397 1196 1452 aut
1217 1391 1280 1452 fide
1295 1396 1369 1452 ante

247 1490 426 1550 Germanos
453 1509 520 1550 esse
549 1489 749 1566 exclamant,
778 1487 1072 1568 degrediunturque
1099 1494 1129 1549 et
1158 1476 1242 1549 inter
1263 1493 1369 1567 patres

247 1588 301 1665 (cf.
331 1587 416 1648 Suet.
446 1587 558 1648 Claud.
589 1588 651 1664 25.)
677 1585 859 1648 considunt.
888 1586 975 1666 quod
998 1587 1131 1648 comiter
1151 1607 1170 1647 a
1190 1586 1369 1647 visentibus

247 1690 437 1764 exceptum,
461 1686 553 1765 quasi
574 1686 715 1765 impetus
738 1685 864 1764 antiqui
884 1690 916 1745 et
931 1686 1016 1746 bona
1031 1682 1369 1763 aemulatione3'Nero

247 1785 379 1847 civitate
400 1786 546 1846 Romana
561 1785 673 1845 ambos
689 1784 838 1861 donavit,
861 1784 981 1845 Frisios
1001 1783 1152 1845 decedere
1167 1785 1250 1861 agris
1265 1784 1368 1845 iussit.

248 1890 346 1962 atque
373 1881 438 1942 illis
466 1882 713 1961 aspernantibus
741 1881 908 1942 auxiliaris
937 1901 1034 1959 eques
1061 1888 1191 1962 repente
1216 1882 1369 1943 inmissus

247 1981 471 2041 necessitatem
486 1979 612 2057 attulit,
628 1980 730 2058 captis
746 1980 885 2040 caesisve
901 1980 957 2057 qui
968 1980 1166 2059 pervicacius
1177 1981 1368 2041 restiterant.

574 2202 659 2256 nuxis
681 2200 896 2243 REBELLIONIS
919 2201 1048 2245 CIVILIS.

289 2372 375 2431 Sext.
397 2370 501 2430 lulius
523 2370 706 2431 Frontinus.
729 2369 1016 2446 strategematicon
1037 2369 1057 2429 l.
1080 2370 1137 2433 IV.
1161 2389 1185 2430 c.
1210 2369 1237 2429 3.
1261 2371 1307 2429 14.

289 2469 452 2548 Auspiciis
479 2468 687 2546 Imperatoris
709 2467 852 2528 Caesaris
875 2467 1054 2527 Domitiani
1076 2468 1217 2544 Augusti
1240 2468 1369 2528 Germa-

233 2566 313 2626 -nici
334 2551 376 2626 eo
392 2564 494 2641 bello,
516 2564 604 2644 quod
626 2564 729 2625 Iulius
752 2564 866 2624 Ciuilis
888 2564 921 2623 in
943 2564 1050 2624 Gallia
1070 2570 1233 2641 mouerat,
1256 2566 1369 2642 Lingo-

247 2682 328 2723 num
367 2662 613 2742 opulentissima
647 2661 778 2739 ciuitas,
817 2681 899 2739 quae
932 2660 973 2721 ad
1005 2662 1143 2722 Ciuilem
1175 2662 1368 2740 desciuerat,

248 2780 323 2822 oum
361 2759 553 2821 adueniente
591 2759 734 2821 exercitu
772 2759 916 2819 Caesaris
949 2759 1194 2838 populationem
1226 2760 1369 2838 timeret,

248 2857 337 2937 quod
371 2862 481 2918 contra
512 2858 769 2937 expectationem
801 2857 960 2918 inuiolata
991 2858 1074 2918 nihil
1107 2878 1147 2918 ex
1177 2858 1272 2919 rebus
1303 2859 1369 2919 suis

248 2955 415 3031 amiserat,
437 2954 480 3014 ad
495 2955 686 3034 obsequium
701 2953 830 3016 redacta
845 2956 1050 3035 septuaginta
1066 2956 1156 3016 milia
1171 2962 1368 3017 armatorum

248 3050 383 3112 tradidit
403 3052 493 3111 mihi.

346 3273 549 3317 BATAVORun
572 3274 738 3317 COHORTES
759 3276 818 3317 SUB
839 3275 1005 3320 AGRICOLA
1027 3275 1063 3317 IN
1085 3276 1270 3318 BRITANNIA

703 3372 911 3414 MILITANTES.

288 3539 420 3599 Tacitus
441 3540 591 3616 Agricola
611 3542 658 3601 36.
691 3543 738 3601 Ac
760 3540 866 3619 primo
886 3559 1060 3617 congressu
1079 3542 1206 3601 eminus
1228 3540 1369 3601 certaba-

248 3642 316 3713 tur;
355 3636 517 3716 simulque
549 3638 745 3714 constantia,
778 3637 876 3697 simul
907 3643 974 3698 arte
1005 3636 1153 3697 Britanni
1184 3637 1368 3714 ingentibus

247 3733 363 3812 gladiis
401 3739 433 3795 et
470 3734 621 3796 brevibus
657 3735 771 3795 caetris
801 3733 938 3795 missilia
969 3739 1151 3795 nostrorum
1185 3734 1286 3795 vitare
1317 3735 1369 3795 vel

247 3837 413 3908 excutere,
446 3837 542 3909 atque
573 3832 635 3910 ipsi
666 3851 818 3909 magnam
849 3832 917 3893 vim
948 3832 1087 3893 telorum
1121 3830 1368 3910 superfundere,

247 3927 350 3990 donec
372 3929 520 4006 Agricola
541 3930 738 3990 Batavorum
760 3928 907 3990 cohortes
928 3934 991 3989 tres
1013 3948 1049 3989 ac
1070 3929 1271 4005 Tungrorum
1288 3928 1368 3988 duas

247 4026 434 4087 cohortatus
462 4032 510 4087 est
538 4032 574 4086 ut
601 4046 669 4087 rem
697 4026 738 4085 ad
766 4045 936 4087 mucrones
961 4045 998 4086 ac
1020 4045 1135 4086 manus
1157 4025 1367 4102 adducerent;

248 4122 336 4203 quod
364 4129 396 4184 et
424 4124 501 4204 ipsis
526 4129 687 4185 uetustate
709 4124 844 4185 militiae
866 4124 1078 4185 exercitatum
1100 4128 1132 4184 et
1152 4122 1299 4184 hostibus
1322 4124 1369 4184 in·
