3409 4909
320 463 378 523 162
745 480 885 523 coaaaar
906 480 1017 523 racrrr
1290 466 1326 529 (a.
1345 481 1370 515 u.
1388 462 1434 517 822

319 650 440 725 victos,
468 648 560 710 nulla
581 649 615 708 in
636 648 812 711 victoribus
834 649 1023 726 auctoritas,
1052 669 1118 711 non
1139 649 1240 727 leges,
1270 669 1336 710 non
1357 650 1437 729 prin-

320 767 393 827 ceps
421 748 455 807 in
484 747 613 808 civitate
639 755 761 825 essent,
793 748 965 809 Mucianus
993 749 1107 809 urbem
1135 749 1298 825 ingressus
1327 753 1438 809 cuncta

319 847 418 908 simul
455 847 491 906 in
525 866 558 907 se
589 846 697 907 traxit.
736 848 851 908 Fracta
884 848 984 908 Primi
1015 847 1149 908 Antonii
1181 847 1325 926 Varique
1359 846 1439 906 Arrii

319 946 480 1024 potentia,
501 945 586 1005 rnale
607 944 812 1006 dissimulata
832 945 867 1005 in
889 964 942 1006 eos
964 945 1107 1006 Muciani
1121 943 1307 1020 iracundia,
1329 963 1438 1022 quam-

319 1042 368 1104 vis
397 1043 488 1104 voltu
509 1047 675 1120 tegeretur.
703 1042 766 1103 Sed
787 1043 902 1105 civitas
922 1035 1079 1104 rimandis
1101 1042 1231 1104 offensis
1253 1062 1355 1119 sagax
1377 1050 1465 1104 ver-5

319 1145 401 1201 terat
429 1159 461 1201 se
488 1140 776 1219 transtuleratque:
804 1140 859 1201 ille
880 1161 965 1202 unus
987 1140 1119 1217 ambiri,
1145 1140 1223 1216 coli;
1252 1159 1312 1201 nec
1335 1139 1440 1201 deerat

319 1239 403 1318 ipse,
425 1240 564 1318 stipatus
586 1239 718 1298 armatis
737 1237 850 1299 domos
864 1238 1040 1318 hortosque
1055 1243 1259 1317 permutans,
1282 1244 1439 1317 apparatu

319 1338 445 1398 incessu
473 1336 617 1398 excubiis
646 1336 713 1397 vim
741 1335 897 1415 principis
926 1335 1095 1414 amplecti,
1124 1355 1242 1397 nomen
1270 1336 1438 1397 remittere.

320 1435 501 1495 Plurimum
523 1434 651 1495 terroris
672 1434 784 1495 intulit
805 1433 918 1495 caedes
939 1433 1107 1513 Calpurnii
1129 1433 1303 1494 Galeriani.
1327 1433 1361 1493 Is
1382 1432 1440 1493 fuit

320 1533 406 1593 filius
428 1533 489 1593 Gai
510 1533 650 1607 Pisonis,
673 1531 756 1593 nihil
777 1550 891 1608 ausus;
914 1531 969 1592 sed
991 1551 1109 1592 nomen
1131 1532 1256 1607 insigne
1278 1536 1310 1592 et
1329 1530 1440 1592 decora
1455 1538 1474 1593 ll

319 1632 382 1710 ipsi
403 1632 535 1691 iuventa
556 1649 683 1691 rumore
705 1630 790 1707 volgi
809 1629 1070 1708 celebrabantur,
1092 1633 1247 1708 erantque
1262 1629 1297 1689 in
1311 1629 1439 1690 civitate

320 1728 426 1789 adhuc
454 1728 585 1789 turbida
612 1734 644 1789 et
671 1729 763 1789 novis
791 1728 993 1789 sermonibus
1022 1728 1122 1805 laeta,
1153 1727 1211 1806 qui
1239 1728 1438 1806 principatus

320 1828 449 1887 inanem
487 1827 516 1887 ei
553 1826 675 1887 famam
707 1826 953 1887 circumdarent.
991 1826 1100 1893 iussu,
1119 1826 1265 1886 Muciani
1295 1824 1438 1886 custodia

320 1925 452 1985 militari
475 1925 612 2002 cinctus,
641 1944 682 1985 ne
703 1925 737 1984 in
757 1924 829 2003 ipsa
850 1924 929 1986 urbe
951 1924 1151 2003 conspectior
1171 1942 1259 1984 mors
1280 1922 1380 2000 foret,
1401 1921 1437 1982 ad

320 2021 603 2102 quadragesimum
624 2022 665 2083 ab
686 2023 765 2083 urbe
786 2020 945 2101 lapidem,
967 2022 1161 2101 Appiaria,
1184 2020 1256 2082 fuso
1272 2040 1331 2100 per
1345 2038 1436 2083 venas
1451 2026 1474 2079 15

320 2121 475 2196 sanguine
503 2120 711 2197 extinguitur.
739 2119 845 2179 Iulius
873 2119 1016 2195 Priscus,
1045 2118 1279 2197 praetoriarum
1306 2118 1369 2179 sub
1391 2118 1436 2178 Vi·

319 2218 408 2279 tellio
430 2218 613 2279 cohortium
634 2217 828 2296 praefectus,
851 2217 973 2296 seipse
995 2216 1170 2293 interfecit,
1192 2215 1318 2295 pudore
1342 2215 1434 2293 magis

319 2336 418 2396 quam
439 2316 644 2392 necessitate3
673 2314 809 2375 Alfenus
830 2315 935 2375 Varus
956 2314 1103 2391 ignaviae
1124 2313 1345 2393 infamiaeque
1366 2331 1433 2375 suae

320 2413 493 2493 superfuit:
534 2414 694 2473 Asiaticus
734 2413 775 2491 (is
806 2413 893 2473 enirn
925 2412 1074 2490 libertus)
1105 2410 1227 2472 malam
1260 2412 1432 2491 potentiam

321 2510 428 2573 servili
451 2511 611 2590 supplicio
634 2511 787 2589 expiavit.
1444 2510 1467 2564 ll

267 2617 305 2677 12
360 2609 468 2669 Isdem
506 2608 620 2669 diebus
658 2607 908 2669 crebrescentem
943 2606 1044 2668 cladis
1077 2607 1287 2669 Germanicae
1320 2608 1431 2669 famam

198 2699 251 2749 ΠῙ·
266 2700 301 2752 46
320 2725 526 2786 nequaquam
541 2711 664 2767 maesta
678 2706 792 2767 civitas
807 2705 1003 2784 excipiebat:
1026 2723 1133 2765 caesos
1149 2705 1326 2783 exercitus,
1348 2708 1430 2783 capta

319 2804 482 2881 legionum
503 2804 654 2881 hiberna,
676 2803 847 2864 descivisse
869 2802 991 2864 Gallias
1012 2822 1078 2863 non
1099 2807 1137 2863 ut
1156 2802 1245 2863 mala
1265 2801 1430 2881 loqueban-

320 2907 380 2962 tur.
413 2901 452 2961 Id
483 2901 606 2962 bellum
638 2901 756 2981 quibus
787 2902 892 2962 causis
924 2905 1047 2978 ortum,
1080 2903 1202 2978 quanto
1233 2904 1429 2961 externarum

320 3000 544 3078 sociarumque
581 2997 726 3077 gentium
763 3004 856 3059 motu
893 2998 1091 3076 flagraverit,
1129 2996 1226 3057 altius
1258 2995 1464 3075 expediamlt

222 3074 293 3197 ffmss·
321 3098 451 3174 Batavi,
491 3098 592 3159 donec
629 3103 718 3159 trans
749 3098 900 3158 Rhenum
932 3096 1085 3174 agebant,
1124 3113 1198 3175 pars
1230 3094 1427 3165 Chattorum,

253 3182 259 3195 ⁸
321 3195 477 3257 seditione
505 3196 682 3257 domestica
709 3196 795 3275 pulsi
823 3199 969 3256 extrema
991 3192 1133 3254 Gallicae
1155 3211 1228 3253 orae
1251 3211 1354 3253 vacua
1374 3187 1428 3250 cul·

320 3294 459 3370 toribus,
492 3293 653 3372 simulque
681 3293 823 3353 insulam
851 3293 944 3353 iuxta
971 3291 1066 3352 sitam
1096 3308 1309 3368 occupavere,
1342 3304 1427 3368 quam

320 3412 408 3452 mare
441 3392 587 3452 Oceanus
619 3412 638 3450 a
668 3391 786 3467 fronte,
819 3390 954 3451 Rhenus
985 3389 1090 3449 amnis
1121 3393 1248 3465 tergum
1275 3407 1313 3448 ac
1340 3386 1427 3447 latera

321 3489 505 3550 circumluit
512 3509 519 3565 ;
566 3507 624 3549 nec
665 3488 781 3566 opibus
823 3487 1008 3565 [Romanis]
1051 3486 1201 3547 societate
1243 3484 1426 3547 validiorum
1439 3480 1474 3578 3οξ

357 3734 379 3783 l.
406 3732 508 3797 stipatio
528 3732 558 3782 F.
586 3761 617 3767 —
638 3732 662 3783 9.
682 3731 742 3781 cede
761 3731 790 3781 F.
811 3760 844 3766 -
867 3730 906 3782 lO.
926 3729 1136 3781 decora-iuventa
1154 3730 1183 3795 cs.
1203 3729 1284 3795 Verg.
1304 3730 1368 3780 Aen.
1385 3722 1424 3776 IV.
1470 3753 1474 3794 1

320 3822 380 3873 559.
407 3851 439 3858 -
466 3821 506 3872 13.
532 3821 565 3887 ei]
591 3820 614 3870 rb
639 3820 669 3870 F.
698 3850 729 3857 -
757 3819 797 3871 19.
823 3819 844 3868 is
869 3818 939 3869 enim
963 3817 1116 3869 Doederlein
1137 3817 1206 3868 enim
1223 3818 1246 3867 is
1264 3817 1287 3868 F
1306 3810 1424 3868 etenimis
1471 3797 1474 3876 ξ

321 3910 426 3960 libertus
457 3908 567 3959 Ernesti.
603 3937 635 3945 —
665 3907 707 3960 28.
741 3908 814 3958 iuxta
845 3907 920 3957 sitam
949 3906 1037 3958 Wulclt
1061 3908 1089 3973 es.
1115 3906 1153 3957 Il.
1177 3906 1212 3957 74
1236 3913 1260 3956 et
1283 3906 1353 3956 Ana.
1375 3896 1423 3954 262

320 3999 414 4070 lunata
433 3998 464 4048 sit
477 3996 480 4066 l
493 4015 526 4047 an
545 3998 568 4047 F
587 3998 654 4048 inter
672 3997 740 4047 uada
758 3997 811 4047 edd.
831 4015 881 4063 seq.
902 4026 934 4032 -
946 3996 988 4048 30.
1009 3995 1153 4062 [Romanis]
1164 3986 1423 4061 eaclrniceteroqaiall

321 4087 423 4136 lectione
448 4094 550 4136 seruata
575 4088 603 4151 rs.
625 4104 653 4151 p.
680 4087 741 4137 uls
763 4093 786 4135 et
808 4085 891 4136 Gerae.
911 4084 959 4148 29,
984 4101 1031 4135 nec
1049 4084 1140 4150 opibus
1159 4085 1257 4150 (rarum
1275 4083 1303 4133 in
1322 4081 1423 4134 societate

321 4174 485 4239 ualirliorum)
506 4175 607 4225 adtritis
629 4174 733 4236 Tiedlre,
753 4173 848 4236 Halm,
869 4173 996 4224 Heraeus.
