3409 4909
282 462 309 510 p.
331 444 380 495 Ch.
400 443 445 510 69)
633 460 859 503 u1sron1anuu
882 443 907 504 Ι.
930 442 1058 505 53-57.
1369 445 1405 505 31

283 629 417 689 initium
432 628 622 708 erumpendi
637 630 958 709 circumspectabant.
981 632 1024 690 At
1038 631 1072 690 in
1087 630 1249 709 superiore
1264 632 1408 693 exercitu

283 731 401 806 quarta
422 746 459 787 ac
480 726 756 789 duoetvicensima
770 728 926 806 legioneS,
948 728 1051 790 isdem
1066 728 1208 789 hibernis
1222 729 1407 804 tendentes,

282 824 355 903 ipso
382 823 597 886 kalendarum
618 826 845 886 ianuariarum
867 826 919 887 die
941 826 1133 907 dirumpunt
1154 828 1310 905 imagines
1333 827 1407 887 (tal-

283 922 360 999 bae,
385 929 500 1001 quarta
513 923 595 1001 legio
610 925 806 1003 promptius,
822 925 1096 987 duoetvicensima
1112 931 1314 1001 cunctanter,
1330 945 1408 985 mox

252 1034 266 1083 o
283 1039 454 1081 consensu.
493 1024 540 1082 Ac
578 1041 619 1082 ne
654 1023 867 1083 reverentiam
899 1023 1026 1102 imperii
1057 1043 1174 1085 exuere
1207 1023 1408 1099 viderentur,

284 1125 418 1179 senatus
449 1118 627 1198 populique
658 1120 797 1180 Romani
828 1120 1013 1182 oblitterata
1043 1121 1108 1181 iam
1141 1122 1274 1183 nomina
1305 1141 1408 1181 sacra-

283 1223 398 1276 mento
420 1216 636 1295 advocabant,
659 1216 749 1279 nullo
770 1218 950 1295 legatorum
972 1218 1217 1279 tribunorumve
1231 1238 1289 1297 pro
1305 1218 1408 1278 Galba

283 1314 427 1389 nitente,
455 1314 667 1392 quibusdam,
696 1321 733 1376 ut
753 1316 788 1376 in
808 1317 970 1394 tumultu,
995 1316 1170 1378 notabilius
1192 1316 1407 1377 turbantibus.

284 1411 360 1471 Non
388 1418 498 1472 tamen
526 1412 699 1491 quisquam
727 1414 762 1474 in
788 1414 924 1475 modum
953 1414 1111 1476 contionis
1141 1420 1198 1475 aut
1219 1433 1236 1475 e
1257 1419 1407 1491 suggestu

239 1524 266 1575 lt
284 1507 429 1570 locutus:
450 1511 663 1589 nequeenim
685 1517 752 1572 erat
773 1511 896 1588 adhuc,
923 1511 974 1572 cui
995 1511 1219 1590 imputaretur.
1241 1510 1408 1589 Spectator
1421 1515 1462 1575 56

284 1606 401 1683 flagitii
423 1606 628 1669 Hordeonius
649 1608 800 1685 Flaccus,
828 1609 1006 1670 consularis
1028 1609 1168 1687 legatus,
1194 1609 1320 1686 aderat,
1343 1628 1407 1669 non

284 1723 488 1783 compescere
525 1710 669 1783 ruentes,
708 1727 773 1767 non
810 1708 947 1768 retinere
978 1706 1109 1783 dubios,
1148 1727 1215 1768 non
1246 1706 1407 1767 cohortari

284 1801 389 1863 bonos
411 1822 524 1880 ausus,
546 1804 602 1864 sed
622 1804 727 1882 segnis
748 1805 887 1885 pavidus
909 1810 940 1866 et
960 1804 1106 1866 socordia
1123 1807 1285 1866 innocens,
1308 1805 1407 1875 Quat·

285 1906 362 1961 tuor
382 1901 585 1962 centuriones
606 1902 899 1964 duoetvicensimae
920 1903 1069 1980 legionis,
1092 1903 1216 1963 Nonius
1232 1902 1408 1980 Recepttu,

237 2014 268 2065 15
286 1999 448 2060 Donatius
463 1999 596 2077 Valens,
612 2001 771 2062 Romilius
782 2000 968 2077 Marcellus,
984 1999 1180 2078 Calpurnius
1193 1999 1408 2078 Repentinus,

287 2116 363 2157 cum
389 2102 591 2175 protegerent
616 2098 738 2161 Galbae
765 2099 938 2175 imagines,
966 2099 1091 2177 impetu
1117 2097 1261 2158 militum
1283 2096 1408 2174 abrepti

287 2195 463 2277 vinctique.
502 2196 568 2256 Nec
605 2196 756 2275 cuiquam
792 2196 879 2257 ultra
910 2195 989 2256 fides
1019 2204 1078 2256 aut
1108 2195 1264 2255 memoria
1295 2193 1410 2272 prioris

288 2293 497 2371 sacramenti,
526 2293 582 2354 sed
610 2294 696 2373 quod
724 2295 758 2354 in
786 2293 999 2355 seditionibus
1029 2292 1161 2369 accidit,
1189 2290 1275 2353 unde
1301 2291 1410 2370 plures

288 2396 396 2467 erant,
418 2410 530 2452 omnes
551 2391 648 2453 fuere.

238 2501 271 2555 20
327 2489 445 2566 Nocte,
474 2509 557 2568 quae
585 2490 741 2551 kalendas
770 2490 937 2551 Ianuarias
966 2495 1076 2550 secuta
1100 2495 1163 2565 est,
1192 2489 1226 2549 in
1247 2487 1409 2549 coloniam

288 2587 561 2666 Agrippinensem
592 2587 744 2678 aquilifer!
772 2594 905 2667 quartae
936 2588 1070 2665 legionis
1103 2585 1247 2666 epulanti
1278 2585 1409 2646 Vitellio

287 2686 419 2747 nuntiat
441 2690 591 2764 quartam
611 2690 643 2746 et
664 2685 974 2747 duoetvicensimam
992 2685 1147 2763 legiones,
1169 2683 1318 2762 proiectis
1335 2681 1410 2742 Gal-

288 2784 348 2844 bae
368 2783 581 2860 imaginibuS,
602 2783 636 2844 in
658 2789 788 2844 senatus
810 2804 846 2844 ac
868 2784 981 2863 populi
1003 2782 1141 2844 Romani
1162 2781 1260 2842 verba
1278 2781 1408 2841 iurasse.

288 2881 329 2942 Id
350 2886 590 2942 sacramentum
610 2883 706 2943 inane
727 2883 851 2942 visum:
880 2881 1031 2959 occupari
1051 2885 1222 2942 nutantem
1244 2879 1408 2940 fortunam

236 2990 269 3044 25
287 2985 320 3040 et
352 2978 460 3039 offerri
489 2979 670 3059 principem
701 2979 832 3058 placuit.
865 2955 956 3040 Missi
987 2998 1006 3039 a
1037 2978 1169 3039 Vitellio
1200 2977 1242 3038 ad
1270 2977 1409 3054 legiones

287 3078 491 3155 legatosque,
527 3078 583 3156 qui
614 3077 785 3138 descivisse
817 3098 836 3137 a
868 3077 972 3137 Galba
1002 3077 1199 3155 superiorem
1231 3076 1409 3136 exercitum

289 3176 492 3236 nuntiarent:
531 3175 665 3254 proinde
703 3180 760 3235 aut
789 3175 979 3236 bellandum
1011 3173 1165 3236 adversus
1198 3172 1409 3234 desciscentes

288 3278 362 3346 aut,
391 3273 418 3333 si
444 3272 616 3334 concordia
644 3278 675 3333 et
701 3292 766 3352 pax
787 3273 928 3353 placeat,
958 3272 1142 3333 faciendum
1165 3273 1408 3350 imperatorem5

289 3377 320 3432 et
341 3371 467 3432 minore
489 3370 673 3431 discrimine
694 3372 778 3431 sumi
799 3372 980 3450 principem
998 3390 1097 3449 quam
1112 3370 1231 3449 quaeri.
1256 3368 1409 3429 Proxima
1424 3380 1463 3442 57

232 3482 269 3535 30
287 3468 425 3547 legionis
456 3469 579 3547 primae
607 3469 742 3530 hiberna
768 3474 860 3529 erant
887 3473 919 3529 et
946 3468 1207 3547 promptissimus
1236 3485 1252 3526 e
1280 3465 1409 3542 legatiS,

289 3566 411 3627 Fabius
432 3566 562 3628 Valens.
584 3566 616 3626 ls
638 3566 689 3627 die
710 3567 859 3645 proximo
874 3566 1034 3627 coloniam
1049 3565 1317 3644 Agrippinensem
1332 3582 1407 3622 cum

289 3664 454 3745 equitibus
486 3651 619 3742 legionis
651 3653 960 3743 auxiliariorumque
991 3664 1150 3740 ingressus
1182 3663 1407 3740 imperatorem

324 3980 350 4032 ⁸2.
368 3980 471 4031 hisdem
490 3981 520 4031 F.
541 4011 573 4016 —
593 3981 618 4033 3.
637 3979 776 4046 dirrupunt
794 3980 824 4030 F.
847 4010 878 4016 —
898 3980 922 4029 l.
943 3978 1130 4045 proruptusFl·
1151 4008 1182 4015 —
1194 3980 1218 4030 u.
1238 3974 1410 4028 sacranitaFl

290 4073 317 4133 (a
337 4071 364 4147 ia
382 4087 398 4121 o
417 4076 525 4119 correcta
543 4072 596 4134 est).
618 4099 650 4105 -
672 4066 712 4119 12.
738 4068 867 4118 cohartari
885 4068 915 4117 F.
936 4097 969 4103 -
991 4068 1030 4119 lt.
1051 4067 1146 4117 abrecti
1165 4067 1194 4117 F.
1217 4096 1248 4103 —
1270 4065 1310 4118 18.
1332 4065 1409 4131 vindo]

289 4158 351 4209 inde
359 4159 391 4209 F.
412 4188 445 4194 -
456 4158 498 4210 31.
519 4158 546 4207 in
555 4176 602 4225 mg.
613 4176 644 4209 m.
655 4156 714 4209 221.
725 4166 827 4223 postero
837 4158 868 4208 F.
886 4187 918 4193 -
929 4155 1117 4221 agrippiuiense
1127 4156 1157 4206 F.
1170 4186 1202 4191 —
1213 4154 1255 4207 32.
1267 4171 1367 4221 gressus
1378 4154 1409 4204 F.
