3409 4909
251 494 279 543 p.
300 476 350 527 Ch.
370 476 415 542 69)
591 493 819 536 maronianum
841 475 902 535 III.
924 476 1052 536 58-61.
1324 475 1381 534 139

254 661 415 738 habuere,
445 662 560 738 agresti
588 662 679 722 cultu
707 667 739 722 et
766 661 883 722 notitia
907 662 1051 722 locorum
1073 661 1235 722 custodias
1258 660 1380 721 Vitellii

254 759 414 838 elapsum.
444 759 629 839 Propinqua
657 759 808 820 adfinitas
837 758 954 819 Ceriali
982 778 1056 819 cum
1079 758 1293 837 Vespasiano,
1322 777 1380 818 nec

254 856 326 936 ipse
357 856 512 933 inglorius
544 856 694 933 militiae,
727 875 830 935 eoque
861 856 946 917 inter
976 855 1073 916 duces
1102 856 1295 935 adsumptus
1324 863 1379 915 est.

256 955 371 1016 Flavio
393 974 522 1034 quoque
543 954 662 1015 Sabino
685 974 721 1015 aa
743 954 931 1015 Domitiano
952 955 1095 1033 patuisse
1113 954 1269 1031 effugium
1285 952 1380 1013 multi

213 1052 431 1129 otradidere3
463 1058 495 1114 et
525 1052 617 1113 missi
643 1052 687 1113 >ab
719 1052 863 1113 Antonio
895 1052 1002 1113 nuntii
1030 1072 1087 1130 per
1114 1052 1220 1113 varias
1247 1051 1381 1111 fallendi

255 1161 341 1212 artes
356 1150 583 1229 penetrabant,
605 1151 713 1212 locum
729 1170 765 1210 ac
780 1150 979 1229 praesidium
994 1154 1219 1211 monstrantes.
1242 1149 1380 1210 Sabinus

255 1247 436 1309 inhabilem
464 1248 566 1309 labori
594 1253 626 1309 et
653 1248 808 1308 audaciae
835 1248 1057 1309 valetudinem
1080 1248 1288 1309 causabatur:
1319 1248 1380 1307 Do·

256 1346 393 1407 mitiano
432 1340 542 1406 aderat
580 1346 724 1422 animus,
762 1346 817 1406 sed
856 1345 1005 1407 custodes
1043 1366 1061 1406 a
1097 1345 1229 1406 Vitellio
1260 1344 1379 1420 additi,

254 1463 458 1522 quamquam
486 1462 519 1503 se
547 1444 649 1504 socios
677 1443 771 1519 fugae
799 1444 1041 1521 promitterent,
1074 1449 1242 1521 tamquam
1270 1442 1380 1528 insidi-

194 1551 236 1606 10
255 1547 348 1603 antes
386 1541 599 1617 timebantur3
638 1546 735 1619 atque
774 1541 843 1619 ipse
884 1540 1034 1602 Vitellius
1069 1545 1215 1620 respectu
1247 1559 1378 1600 suarum

254 1638 533 1700 necessitudinum
554 1639 639 1700 nihil
658 1640 692 1700 in
714 1639 942 1701 Domitianum
963 1644 1056 1699 atrox
1077 1639 1221 1717 parabat.

298 1737 403 1797 Duces
434 1738 577 1815 partium
608 1742 646 1797 ut
676 1736 826 1797 Carsulas
855 1755 985 1814 venere,
1017 1755 1137 1814 paucos
1165 1734 1207 1795 ad
1236 1734 1379 1813 requiem
1394 1732 1434 1796 60

255 1834 325 1895 dies
354 1839 504 1910 sumunt,
533 1834 634 1895 donec
662 1834 791 1913 aquilae
812 1834 967 1913 signaque
989 1834 1147 1910 legionem
1169 1831 1379 1911 adsequeren-

254 1937 326 2008 tur,
348 1936 381 1992 et
401 1931 492 1992 locus
513 1931 582 2010 ipse
604 1937 783 1993 castrorum
797 1932 961 2010 placebat,
984 1932 1048 1991 late
1063 1935 1286 2010 prospectans,
1308 1934 1380 1989 tuto

195 2042 235 2096 15
254 2030 424 2109 copiarum
456 2029 605 2106 adgesto,
636 2030 873 2090 florentissimis
904 2048 987 2108 pone
1019 2034 1145 2106 tergum
1178 2027 1378 2106 municipiis;

254 2128 356 2189 simul
377 2127 539 2207 colloquia
560 2147 635 2188 cum
656 2128 841 2189 Vitellianis
863 2127 971 2187 decem
995 2127 1124 2188 milium
1139 2127 1244 2205 spatio
1260 2126 1379 2186 distan-

255 2226 345 2287 tibus
366 2230 399 2286 et
420 2224 560 2304 proditio
581 2224 778 2303 sperabatur.
801 2226 903 2301 Aegre
924 2224 957 2284 id
973 2225 1042 2303 pati
1058 2224 1150 2284 miles
1165 2229 1197 2284 et
1211 2224 1379 2285 victoriam

255 2322 354 2384 malle
376 2342 476 2402 quam
497 2343 625 2402 pacem;
648 2342 689 2383 ne
710 2342 785 2383 suas
806 2322 939 2402 quidem
958 2322 1097 2398 legiones
1113 2320 1379 2401 opperiebantur,

254 2430 294 2483 ut
314 2421 453 2500 praedae
474 2439 574 2500 quam
595 2420 813 2499 periculorum
834 2420 946 2481 socias,
972 2421 1112 2481 Vocatos
1134 2419 1174 2479 ad
1196 2420 1379 2479 contionem

195 2530 237 2585 20
256 2519 420 2580 Antonius
462 2518 572 2579 docuit
613 2537 670 2578 esse
710 2518 810 2579 adnm
854 2518 973 2579 Vitellio
1007 2520 1098 2590 eires,
1141 2503 1312 2595 ambiguas,
1354 2516 1381 2576 si

255 2617 469 2692 deliberarent,
507 2636 603 2693 aeres,
642 2616 669 2675 si
701 2616 910 2694 desperassent.
943 2617 1044 2676 Initia
1075 2615 1216 2675 bellorum
1245 2614 1381 2674 ciuilium

251 2716 399 2793 ⁸{aruritae
431 2713 655 2792 permittenda:
693 2714 851 2773 uictoriam
889 2714 1023 2773 consiliis
1060 2721 1087 2772 et
1121 2713 1238 2772 ratione
1264 2710 1379 2790 perfici.

256 2812 329 2871 Iam
366 2810 563 2870 Misenensem
600 2810 721 2869 classem
752 2818 779 2869 et
805 2810 1044 2888 pulcherrimam
1077 2810 1265 2888 Campaniae
1296 2829 1381 2868 ara-m

256 2908 429 2981 descivisse;
466 2927 518 2967 nar
546 2908 620 2986 plus
651 2927 665 2967 e
697 2915 754 2966 toto
787 2915 936 2967 terrarum
966 2908 1031 2968 arbe
1061 2908 1211 2985 reliquum
1249 2907 1379 2983 Vitellia,

198 3019 236 3074 25
256 3024 350 3084 quam
374 3005 454 3083 quod
473 3004 552 3064 inter
577 3004 778 3065 Tarracinam
798 3006 1010 3083 Narniamque
1030 3006 1135 3065 iaceat.
1165 3004 1247 3064 Satis
1267 3004 1381 3082 pieriae

252 3103 368 3181 proelia
390 3102 581 3163 Cremonensi
596 3110 725 3181 partum
745 3110 772 3162 et
793 3103 882 3162 esitio
906 3104 1066 3163 Cremonae
1079 3103 1211 3162 nimium
1225 3101 1380 3174 inuidiae,·

256 3220 295 3261 ne
322 3201 555 3279 concupiscerent
582 3201 712 3260 Romam
739 3220 842 3279 capere
865 3202 969 3278 patius
990 3221 1081 3278 quam
1101 3220 1233 3261 seruare:
1262 3200 1381 3258 maiora

256 3299 323 3359 iliis
338 3298 481 3377 praemia
502 3306 528 3358 et
549 3298 643 3357 multo
663 3298 829 3357 maximnm
846 3298 947 3375 decus,
970 3298 997 3358 si
1011 3298 1248 3359 incolumitatem
1262 3296 1381 3356 senatui

252 3398 425 3476 populoque
455 3396 591 3456 Rauenna
618 3396 683 3455 sina
709 3395 857 3474 sanquine
884 3396 1072 3473 quaesissent.
1107 3396 1168 3455 His
1196 3413 1232 3454 ac
1261 3393 1380 3454 talibus
1395 3395 1431 3456 61

200 3509 238 3564 30
257 3494 398 3571 mitigati
427 3493 544 3569 animi,
572 3512 631 3553 nec
659 3492 763 3553 multo
792 3498 866 3571 post
887 3493 1026 3570 legiones
1048 3512 1171 3553 venere.
1200 3492 1243 3551 Et
1263 3497 1381 3551 terrore

259 3591 412 3669 famaque
453 3591 539 3651 aucti
581 3590 740 3651 exercitus
783 3590 976 3651 Vitellianae
1018 3590 1163 3651 cohortes
1205 3589 1380 3665 nutabant,

293 3921 319 3972 2.
340 3920 500 3987 propinquas
518 3918 560 3971 Fl.
582 3950 614 3956 ·-
634 3920 658 3969 4.
679 3919 806 3969 Flauiano
825 3919 856 3969 F.
877 3948 909 3955 -
930 3920 954 3969 7.
974 3848 1073 3968 Inlibil'e
1093 3918 1122 3967 F.
1144 3946 1175 3952 —
1192 3916 1231 3968 lu.
1252 3923 1381 3981 respectus

258 4015 338 4061 uariis
363 4008 404 4059 Fl.
434 4038 466 4047 -
493 4007 535 4061 20.
565 4007 685 4058 antonius
710 4009 732 4058 F
756 4008 826 4071 (del.
852 4011 906 4071 est).
937 4037 968 4044 —
989 4005 1031 4056 22.
1061 4006 1149 4071 perlici
1169 4005 1183 4054 h
1202 4004 1292 4070 profici
1311 4005 1332 4053 F
1351 4012 1379 4068 ej.

259 4098 365 4152 11031.
386 4128 418 4135 -
438 4096 480 4150 23.
501 4098 581 4148 misen
594 4096 597 4166 l
610 4104 635 4148 se
655 4099 694 4164 (ef.
717 4095 831 4161 reesa),
853 4126 886 4133 -
905 4095 1006 4167 capiniq
1025 4095 1054 4144 F.
1076 4124 1108 4131 -
1125 4092 1167 4144 27.
1187 4094 1229 4159 oe]
1242 4109 1288 4143 neo
1298 4093 1327 4143 F.
1349 4122 1380 4128 -

257 4186 341 4237 maior
361 4185 391 4236 F.
412 4215 445 4222 -
465 4185 507 4237 31.
528 4185 653 4235 nutabant
672 4185 726 4235 edd.
747 4202 796 4250 seq.
817 4184 971 4235 nuntiabant
990 4183 1019 4233 F.
