3409 4909
312 473 338 522 p.
359 454 407 507 Ch.
428 454 472 521 70)
573 417 575 422 .
647 472 874 515 nisnoninnnn
895 454 952 515 IV.
974 454 1103 515 62-65.
1377 455 1434 520 197

311 639 366 701 edi
386 639 499 701 iubent
506 660 514 717 3
536 658 619 719 quae
639 640 855 701 ferocissimus
876 660 893 701 e
914 640 1027 718 legatis
1048 641 1083 701 in
1105 640 1191 701 hune
1213 640 1349 702 modum
1363 662 1435 721 pro-

311 737 405 799 tulit:
434 738 553 799 Redisse
579 758 627 799 oos
652 739 686 799 ia
713 758 817 817 corpus
843 758 1005 818 riomeuque
1028 738 1210 799 Germaniae
1230 740 1436 801 communibus

312 835 375 897 deis
401 844 429 896 et
448 835 609 914 praecipuo
630 836 753 897 deorum
774 836 872 896 Marti
891 845 991 913 prutes
1011 836 1148 914 apimuu·
1175 836 1309 915 vobisque
1328 846 1435 914 pratu·

313 933 432 1011 bamur,
459 933 538 1011 quod
566 933 686 994 taudem
717 933 800 993 liberi
826 934 904 993 inter
934 934 1037 994 liberos
1063 934 1155 994 eritis.
1183 934 1269 993 Nam
1294 934 1337 994 ad
1358 934 1435 996 burso

276 1029 392 1094 bdiem
415 1030 551 1109 flumina
577 1050 613 1091 ac
642 1039 752 1091 terram
779 1039 805 1091 ct
826 1031 942 1092 caelum
961 1030 1183 1109 quodam-modo
1203 1030 1304 1109 ipsum
1324 1032 1435 1091 clause·
1465 1065 1467 1069 ν

310 1135 384 1189 rant
409 1129 558 1206 Romani,
586 1138 620 1189 ut
646 1128 803 1208 conloquia
824 1149 1046 1208 compressusque
1065 1137 1179 1190 nostros
1199 1138 1346 1208 arcerent,
1373 1131 1432 1208 rel,

310 1227 391 1307 quod
418 1226 656 1299 contumeliosius
683 1237 723 1288 est
749 1228 822 1289 uiris
848 1228 890 1288 ad
911 1248 1001 1288 arma
1020 1228 1117 1299 natis,
1145 1227 1270 1288 baumes
1291 1248 1326 1288 ao
1342 1248 1435 1306 prope

309 1324 389 1385 audi
416 1324 468 1386 sub
491 1325 607 1386 custode
626 1334 653 1385 et
669 1325 766 1403 pretio
787 1325 938 1386 coircmus.
966 1325 1024 1386 Sed
1044 1334 1079 1385 ut
1100 1325 1239 1385 amicitia
1258 1325 1435 1404 societasque

309 1432 415 1484 nostra
441 1423 474 1482 iu
499 1432 652 1483 aceruum
671 1432 743 1483 rata
763 1423 839 1500 sint,
864 1424 1054 1501 postulamus
1075 1443 1095 1483 a
1115 1423 1209 1500 uobis,
1237 1443 1339 1483 muros
1359 1424 1434 1484 colo-

266 1524 294 1581 10
309 1520 395 1598 uiae,
424 1520 614 1581 munimenta
640 1520 768 1599 seruitii,
796 1520 964 1581 detrahatis
988 1521 1092 1599 (etiam
1115 1525 1186 1598 jera
1207 1521 1378 1599 animalia,
1407 1522 1433 1582 si

309 1616 416 1678 clausa
437 1625 547 1695 uaeas,
567 1617 687 1679 uirtutis
708 1617 950 1695 obliviscuntur),
978 1618 1131 1679 Romanos
1151 1638 1250 1679 omues
1269 1619 1303 1678 iu
1319 1618 1434 1697 finibus

308 1715 412 1776 restris
449 1714 600 1775 trucidetis
633 1715 733 1793 (baud
757 1715 853 1793 facile
886 1716 1006 1776 libertas
1035 1725 1062 1776 ct
1092 1716 1212 1777 domiui
1241 1716 1432 1794 miscmtur):

309 1812 386 1874 baua
407 1812 628 1890 interfectorum
648 1813 682 1873 iu
702 1813 836 1874 medium
857 1813 979 1887 cedant,
1000 1833 1037 1873 ne
1052 1813 1119 1892 quis
1132 1814 1258 1874 occulere
1271 1813 1432 1892 quicquam

309 1921 363 1972 aut
388 1931 681 1989 sepreparecausam
702 1932 789 1972 suam
806 1911 909 1990 possit.
939 1912 1040 1973 Liceat
1059 1911 1143 1972 uobis
1162 1911 1296 1990 uobisque
1316 1921 1433 1972 utram-

270 2016 293 2071 15
309 2029 362 2088 que
389 2009 493 2088 ripam
520 2010 624 2088 colere,
655 2018 689 2070 ut
716 2009 789 2070 olim
816 2009 984 2070 maioribus
1009 2009 1134 2071 uostris:
1164 2010 1310 2087 quomodo
1340 2009 1433 2071 lucem

310 2106 445 2187 diemque
481 2106 617 2169 omnibus
648 2107 833 2182 bominibus,
872 2107 918 2167 ita
949 2128 1048 2168 omues
1081 2116 1174 2167 terras
1199 2106 1331 2184 fortibus
1360 2106 1433 2167 uiris

309 2215 423 2266 natura
443 2205 571 2283 aperuit.
592 2205 740 2266 Instituta
766 2206 937 2284 cultumque
953 2205 1094 2283 patrium
1114 2205 1266 2283 resumite,
1296 2204 1433 2282 abruptis

310 2302 524 2382 uoluptatibus,
546 2302 652 2381 quibus
672 2302 806 2363 Romani
824 2303 895 2381 plus
915 2302 1055 2363 aduersus
1073 2302 1212 2363 subiectos
1229 2323 1322 2381 quam
1337 2302 1433 2362 armis

312 2402 415 2463 rabat.
444 2401 582 2463 Sincerus
607 2410 634 2461 et
660 2401 773 2479 inteper
799 2410 826 2461 et
852 2400 1001 2461 scrutatis
1028 2401 1137 2461 oblitus
1159 2401 1292 2479 populus
1318 2410 1374 2460 aut
1400 2420 1432 2460 erc

261 2501 300 2559 20
315 2516 400 2577 aequo
420 2498 516 2576 apetie
535 2507 589 2559 aut
610 2498 682 2559 aliis
701 2498 923 2576 imperitabitis.
945 2499 1196 2577 Agrippinenses
1211 2503 1342 2577 sumpto
1357 2517 1431 2558 eon·
1445 2501 1483 2561 65

316 2595 453 2657 cultandi
491 2596 611 2675 spatie,
650 2595 781 2676 quando
812 2616 917 2674 neque
949 2596 1056 2657 subire
1088 2595 1293 2657 condiciones
1324 2599 1431 2655 metus

318 2690 408 2754 futuri
437 2713 542 2773 neque
569 2693 679 2773 palam
700 2694 864 2772 aspernari
885 2694 1031 2756 condicio
1053 2712 1203 2772 praesens
1219 2693 1367 2780 sinebat,
1396 2692 1431 2752 in

319 2787 396 2852 hunc
415 2790 552 2852 modum
573 2790 783 2869 respondent:
808 2790 891 2863 Quae
908 2792 1014 2869 prima
1037 2791 1182 2852 libertatis
1196 2790 1334 2867 facultas
1355 2791 1431 2851 data

321 2897 364 2966 eu,
390 2889 511 2950 auidius
536 2908 629 2968 quam
656 2889 775 2949 cautius
800 2888 997 2967 sumpsimus,
1027 2898 1060 2949 ut
1083 2889 1162 2949 uobis
1182 2889 1336 2967 ceterisque
1360 2888 1431 2948 Ger·

272 2984 308 3040 25
321 2986 422 3063 mauis,
450 2986 677 3063 consaupuiueis
696 2987 819 3060 uostris,
848 2986 1049 3063 iunperemur.
1072 2987 1176 3047 Muros
1196 2987 1343 3064 civitatis,
1364 3007 1430 3048 con·

320 3083 500 3160 precantibus
536 3104 563 3145 se
597 3104 663 3145 cum
695 3084 824 3145 maxime
855 3085 1065 3145 Romanorum
1095 3084 1283 3161 exercitibus,
1323 3104 1430 3162 aupere

259 3195 262 3228 :
323 3179 391 3242 nobis
415 3202 509 3261 quam
537 3181 654 3242 diruere
682 3182 775 3242 tutius
801 3190 849 3243 est.
878 3182 915 3242 St
941 3183 994 3261 qui
1021 3202 1054 3243 ea
1075 3183 1175 3242 Italia
1195 3192 1250 3242 aut
1269 3181 1430 3260 prouinciis
1498 3172 1501 3178 ’

324 3275 494 3358 alicuipeuac
513 3279 547 3340 in
563 3279 678 3358 fluibus
697 3279 806 3340 nostris
821 3279 964 3359 fueraut,
986 3301 1031 3342 eos
1050 3280 1162 3341 bellum
1183 3280 1364 3357 absumpsit,
1385 3278 1430 3339 oel

323 3368 351 3432 la
373 3396 439 3438 mas
457 3377 579 3456 quisque
598 3377 676 3438 sedes
694 3377 886 3455 refuperuut:
913 3378 1047 3439 deductis
1066 3378 1141 3438 olim
1161 3387 1187 3439 et
1207 3377 1357 3438 nobiscum
1375 3397 1429 3455 per

289 3463 465 3535 buranum
485 3474 619 3551 sociatis,
641 3475 749 3553 quique
769 3495 837 3535 mou
853 3484 1064 3553 provenerunt,
1087 3475 1157 3536 baec
1173 3474 1281 3553 patria
1301 3483 1357 3545 cst‚·
1378 3493 1430 3535 nec

324 3582 363 3625 vos
378 3573 447 3634 adeo
466 3572 586 3651 iniquos
605 3572 824 3650 existimamus,
845 3582 880 3633 ut
900 3573 1029 3653 interfici
1043 3593 1063 3633 a
1076 3573 1160 3634 uobis
1169 3582 1307 3651 parentes
1315 3572 1431 3650 fratres

327 3658 411 3732 liberos
436 3680 549 3732 nostros
574 3670 678 3732 uelitis.
715 3670 847 3748 Vectipal
874 3680 901 3731 et
927 3691 1017 3732 ouera
1045 3671 1286 3732 commerciorum
1311 3670 1429 3731 resolui-

326 3801 466 3824 g

290 3883 293 3888 ’
355 3889 372 3940 l·
395 3894 511 3946 iuberent
537 3895 568 3946 F.
598 3924 630 3933 -
658 3896 683 3946 4.
712 3892 791 3965 liberl
819 3896 849 3946 F.
880 3925 913 3934 —
942 3896 966 3948 5.
995 3882 1053 3966 bril
1081 3897 1103 3947 F
1128 3905 1210 3947 terras
1234 3896 1288 3947 cdd.
1314 3914 1364 3963 seq.
1393 3925 1428 3933 —

330 3968 359 4025 10·
375 3996 429 4034 uera
447 3985 477 4036 F.
498 4014 532 4021 -
552 3985 593 4035 17.
613 3984 730 4035 instituta
748 3985 817 4053 (atel.
838 3984 892 4051 est).
914 4016 946 4023 —
965 3984 1008 4039 20.
1028 3986 1095 4053 aliis]
1112 3985 1168 4035 auis
1186 3986 1216 4037 F.
1239 4015 1270 4023 -
1290 3983 1333 4036 23.
1353 3984 1428 4035 liber·

328 4061 373 4115 tatis
391 4070 423 4122 Fl
446 4072 558 4124 libertati
583 4071 625 4124 F2.
656 4102 688 4111 -
714 4073 756 4127 30.
785 4074 913 4125 societatis
937 4074 966 4124 iu
989 4092 1037 4141 mp.
1063 4074 1172 4124 sociatis.
1202 4104 1235 4110 --
1255 4071 1297 4125 32.
1327 4080 1428 4123 nostros

329 4161 388 4217 ⁸1tota
404 4160 489 4213 liccam
508 4162 623 4213 aclclitum
643 4169 684 4213 cst.
