3409 4909
332 440 390 502 138
756 461 897 504 connum
919 462 1030 504 rnorrr
1304 450 1339 514 (a.
1361 466 1386 499 u.
1406 448 1456 502 822³

332 629 492 707 ingruenti
522 650 579 708 per
606 631 821 709 Campaniam
848 630 935 692 bello
957 632 1117 711 opposuit.
1147 632 1221 711 Ipse
1243 652 1335 710 aeger
1356 634 1458 694 animi

332 728 448 789 studiis
471 727 614 789 militum
636 733 668 790 et
689 728 884 790 clamoribus
906 730 1019 809 populi
1041 750 1131 791 arma
1153 733 1315 809 poscentis
1337 732 1458 793 refove-

331 827 441 900 batur,
472 825 550 886 dum
579 826 693 904 volgus
719 828 873 904 ignavum
901 832 933 888 et
960 827 1044 887 nihil
1072 828 1157 888 ultra
1181 829 1279 889 verba
1300 849 1458 890 ausurum

331 923 413 984 falsa
451 924 555 1001 specie
594 923 770 984 exercitum
809 930 841 986 et
877 924 1017 1002 legiones
1049 926 1201 1004 appellat.
1239 927 1459 989 Hortantibus

332 1021 454 1082 libertis
486 1024 578 1099 (nam
609 1021 787 1081 amicorum
819 1022 888 1083 eius
920 1027 1042 1101 quanto
1073 1023 1145 1101 quis
1177 1024 1308 1102 clarior,
1348 1024 1491 1093 minusa

332 1118 430 1195 fidus)
452 1119 560 1179 vocari
581 1119 684 1180 tribus
706 1119 811 1195 iubet,
833 1118 947 1181 dantes
968 1120 1101 1180 nomina
1123 1126 1324 1182 sacramento
1340 1121 1457 1199 adigit,

332 1216 548 1294 superfluente
570 1215 780 1278 multitudine
801 1237 913 1278 curam
934 1217 1071 1279 dilectus
1091 1218 1127 1278 in
1143 1219 1291 1280 consules
1306 1220 1457 1298 partitur.

331 1314 505 1375 Servorum
533 1334 706 1375 numerum
735 1319 767 1375 et
794 1316 923 1394 pondus
951 1316 1073 1393 argenti
1101 1317 1303 1379 senatoribus
1324 1316 1457 1388 indicia

272 1437 276 1442 ’
332 1413 455 1492 equites
484 1412 622 1473 Romani
650 1412 795 1474 obtulere
822 1433 953 1492 operam
978 1414 1212 1494 pecuniasque,
1243 1415 1343 1476 etiam
1364 1415 1458 1477 liber-

331 1511 408 1571 tinis
436 1510 523 1570 idem
551 1530 671 1571 munus
700 1511 785 1572 ultro
813 1512 1044 1588 flagitantibus.
1074 1514 1121 1573 Ea
1143 1512 1308 1575 simulatio
1331 1513 1417 1574 offici
1440 1529 1505 1583 aro

331 1613 421 1668 metu
443 1608 585 1687 profecta
605 1614 744 1670 verterat
765 1610 799 1669 in
821 1609 980 1686 favorem3
1003 1629 1039 1670 ac
1058 1610 1203 1689 plerique
1217 1610 1308 1671 haud
1322 1611 1458 1689 perinde

331 1706 502 1767 Vitellium
531 1727 629 1785 quam
657 1726 769 1767 casum
791 1707 964 1785 locumque
986 1708 1186 1786 principatus
1208 1708 1456 1769 miserabantur.

332 1805 398 1865 Nec
426 1804 534 1865 deerat
561 1804 631 1883 ipse
658 1804 749 1865 voltu
781 1824 859 1865 voce
887 1805 1028 1866 lacrimis
1050 1804 1303 1867 misericordiam
1324 1805 1456 1883 elicere,

285 1980 288 1986 .
331 1902 439 1979 largus
454 1903 620 1981 promissis
635 1909 681 1979 et,
704 1922 787 1982 quae
802 1908 919 1964 natura
933 1903 1166 1982 trepidantium
1182 1910 1245 1981 est,
1259 1904 1456 1965 inmodicus.

332 2001 420 2071 Quin
441 2005 473 2060 et
493 2001 661 2061 Caesarem
683 2020 716 2061 se
737 2001 801 2061 dici
823 2001 943 2079 voluit,
965 2006 1154 2080 aspernatus
1173 2006 1284 2079 antea;
1307 2002 1364 2063 sed
1379 2007 1459 2063 tuno
1478 2021 1507 2074 15

332 2099 560 2177 superstitione
584 2099 741 2177 nominis,
770 2105 802 2160 et
823 2099 901 2177 quia
922 2099 956 2159 in
976 2105 1067 2161 metu
1088 2099 1223 2161 consilia
1244 2099 1459 2178 prudentium

333 2202 365 2257 et
385 2196 471 2273 volgi
492 2215 602 2256 rumor
621 2197 715 2256 iuxta
729 2196 916 2257 audiuntur.
938 2197 1086 2257 Ceterum
1103 2202 1140 2257 ut
1154 2197 1265 2257 omnia
1279 2198 1459 2259 inconsulti

332 2295 474 2372 impetus
512 2300 625 2372 coepta
655 2294 756 2354 initiis
788 2294 913 2371 valida,
950 2295 1055 2373 spatio
1086 2295 1314 2382 languescunt,
1356 2295 1459 2357 dilabi

332 2390 492 2469 paulatim
524 2401 685 2452 senatores
716 2392 920 2471 equitesque,
960 2392 1066 2470 primo
1098 2397 1302 2469 cunctanter,
1336 2400 1368 2455 et
1400 2394 1458 2455 ubi

332 2491 401 2567 ipse
422 2508 488 2549 non
509 2488 635 2567 aderat,
657 2509 735 2550 mox
756 2490 969 2568 contemptim
991 2496 1023 2551 et
1043 2490 1112 2552 sine
1131 2490 1332 2569 discrimine,
1355 2492 1460 2553 donec
1476 2509 1510 2563 ⁴20

333 2586 484 2647 Vitellius
506 2586 629 2665 pudore
650 2587 739 2648 inriti
760 2593 1016 2667 conatus,‹quae
1037 2607 1103 2648 non
1124 2588 1300 2667 dabantur,
1322 2589 1458 2651 remisit

280 2694 319 2755 59
374 2685 418 2745 Ut
405 2690 644 2745 ttterrorem
612 2685 727 2746 ltaliae
748 2704 895 2763 possessa
917 2685 1066 2746 Mevania
1088 2706 1125 2746 ac
1147 2686 1236 2747 velut
1223 2691 1402 2748 trenatum
1417 2708 1459 2749 ex

263 2784 456 2859 integro
484 2782 642 2843 bellum
634 2788 683 2843 1111
670 2782 803 2860 tult,era
775 2783 879 2844 tita
906 2783 995 2844 haud
1024 2783 1160 2843 dubium
1187 2803 1260 2861 erga
1282 2784 1459 2846 Flavianas

332 2887 439 2960 partes
467 2880 652 2941 studiumt
639 2885 706 2941 tam
728 2880 867 2958 pavidus
890 2880 1014 2942 Vitellii
1035 2881 1193 2941 discessus
1215 2880 1352 2943 addidit
1381 2882 1460 2943 Ere-

333 2984 404 3039 ctus
425 2978 552 3039 Sanmis
574 2978 809 3057 Paelignusque
830 2984 862 3038 et
883 2978 982 3038 Marsi
1004 2978 1237 3056 aemulatione,
1259 2979 1349 3058 quod
1364 2980 1460 3040 Cam·
1477 3000 1511 3054 25

333 3078 431 3156 pania
459 3076 691 3155 praevenisset,
722 3081 759 3135 ut
787 3075 820 3134 in
849 3095 933 3136 novo
962 3075 1132 3155 obsequio,
1164 3075 1205 3135 ad
1234 3082 1352 3138 cuncta
1379 3077 1460 3139 belli

333 3175 446 3236 munia
467 3193 554 3234 acres
576 3179 675 3235 erant.
697 3173 760 3234 Sed
778 3173 872 3233 foeda
886 3173 993 3234 hieme
1007 3193 1064 3252 per
1078 3174 1252 3234 transitum
1268 3175 1459 3254 Appennini

333 3271 535 3334 conflictatus
550 3271 709 3332 exercitus
718 3291 725 3347 3
748 3276 780 3332 et
793 3271 850 3331 vix
865 3271 975 3350 quieto
990 3271 1117 3348 agmine
1132 3271 1222 3332 nives
1237 3271 1460 3334 eluctantibus

333 3370 455 3448 patuit,
484 3374 644 3447 quantum
673 3368 867 3429 discriminis
894 3368 1082 3429 adeundum
1103 3368 1200 3444 foret,
1230 3369 1264 3429 ni
1285 3369 1460 3431 Vitellium

332 3472 416 3527 retro
445 3466 575 3527 fortuna
604 3467 766 3542 vertisset,
795 3485 877 3543 quae
906 3465 1071 3527 Flavianis
1101 3464 1238 3527 ducibus
1260 3485 1325 3526 non
1347 3466 1460 3529 minus
1478 3490 1514 3545 30

333 3585 427 3644 saepe
460 3585 558 3643 quam
590 3564 672 3625 ratio
704 3564 818 3625 adfuit.
850 3563 993 3626 Obvium
1020 3563 1087 3624 illic
1117 3563 1267 3625 Petilium
1298 3564 1458 3626 Cerialem

368 3830 392 3882 6.
419 3828 497 3878 dante
515 3828 545 3879 F.
568 3858 598 3864 —
621 3825 661 3879 10.
684 3826 770 3877 cilicia
788 3833 859 3876 metu
878 3826 908 3876 F.
930 3855 963 3862 —
985 3826 1024 3876 11.
1045 3824 1161 3891 perinde]
1180 3822 1290 3890 proinde
1308 3824 1339 3874 F.
1360 3853 1393 3860 -
1418 3824 1458 3877 19.

332 3937 359 3969 se
382 3926 511 3969 senatores
536 3917 626 3983 (altero
650 3933 664 3966 o
686 3916 842 3978 irtacum.)
862 3916 892 3965 F.
919 3944 952 3952 -
971 3913 1013 3967 20.
1038 3912 1206 3979 contemptim
1226 3919 1251 3963 et
1270 3912 1325 3964 sine
1344 3912 1459 3964 Pialeau

332 4077 416 4143 &tepti
435 4076 509 4127 mesti
528 4093 560 4127 ne
579 4077 608 4126 F.
638 4106 670 4113 —
691 4074 733 4125 92.
762 4076 885 4150 menania
904 4075 934 4125 F.
965 4105 996 4111 -
1017 4021 1170 4144 Qapqligm
1199 4089 1230 4138 q;
1257 4102 1289 4109 —
1309 4070 1352 4125 28.
1379 4073 1456 4142 niue¹

332 4165 498 4228 seluctantib3
518 4166 547 4215 F.
