3409 4909
286 451 308 501 i·
326 436 372 491 Cla
392 438 437 506 69)
613 455 841 498 nrsronranuu
863 438 925 497 ΙΙΙ.
947 438 1075 502 68-70.
1346 441 1403 502 145

296 617 484 684 simulauere.
512 623 687 685 Subierunt
714 623 878 685 obsidium
905 624 1003 685 etiam
1032 624 1186 702 feminae,
1215 624 1298 686 inter
1322 646 1403 705 quas

300 722 422 783 maxime
456 721 591 800 insignis
624 721 788 784 Verulana
819 721 971 800 Gratilla,
1011 742 1117 802 neque
1149 722 1267 784 liberos
1300 744 1403 804 neque

304 819 496 898 propinquos,
529 820 585 881 sed
615 819 738 881 b'ellum
769 825 888 881 secuta.
925 820 1120 881 Vitellianus
1152 821 1246 881 miles
1278 823 1403 883 socordi

308 915 425 977 cutodia
457 917 583 979 clausos
615 916 829 979 circumdedit
836 938 843 994 ;
880 936 981 997 eoque
1013 919 1170 980 concubia
1202 925 1295 980 nocte
1328 939 1402 981 suos
1451 958 1453 962 .

251 1051 256 1090 3
287 1006 397 1073 iliberos
417 1014 556 1075 Sabinus
577 1020 609 1076 et
625 1015 865 1092 Domitianum,
887 1014 994 1076 fratris
1009 1015 1131 1087 filium,
1153 1015 1188 1075 in
1204 1016 1402 1096 Capitolium

251 1151 256 1189 ÷
311 1109 411 1190 accivit,
438 1112 538 1173 misso
563 1132 619 1191 per
640 1113 785 1190 neglecta
806 1113 846 1172 ad
869 1113 1044 1174 Flavianos
1067 1112 1164 1175 duces
1186 1116 1317 1192 nuntio,
1346 1116 1402 1195 qui

251 1246 255 1283 .=
310 1202 499 1271 circumsideri
526 1210 613 1289 ipsos
641 1207 688 1288 et',
717 1210 751 1271 ni
779 1211 1021 1287 subveniretur,
1050 1217 1135 1273 artas
1157 1231 1206 1272 res
1227 1213 1400 1275 nuntiaret.

251 1345 254 1382 1
310 1296 414 1367 Noctem
442 1307 523 1369 adeo
550 1309 695 1387 quietam
723 1309 802 1385 egit,
832 1315 869 1369 ut
897 1307 1020 1386 digredi
1048 1310 1116 1370 sine
1137 1329 1224 1370 noxa
1245 1310 1400 1388 potuerit:

251 1454 253 1463 .
308 1401 401 1483 quippe
428 1406 521 1467 miles
551 1406 675 1467 Vitellii
703 1405 857 1467 adversus
885 1405 1029 1485 pericula
1049 1406 1155 1482 ferox,
1184 1405 1349 1468 laboribus
1370 1412 1402 1468 et

271 1497 296 1554 n
308 1495 400 1574 vigiliis
419 1524 536 1583 parum
556 1505 702 1566 intentus
723 1509 806 1581 erat,
828 1510 861 1565 et
879 1504 1034 1565 hibernus
1048 1503 1152 1565 imber
1166 1510 1296 1584 repente
1310 1505 1401 1566 fusus

306 1598 392 1660 oculos
412 1621 569 1681 auresque
590 1602 797 1682 impediebat.

335 1692 405 1759 Luce
430 1700 538 1779 prima
562 1699 716 1777 Sabinae,
745 1705 921 1779 antequam
942 1700 978 1760 in
998 1701 1102 1761 vicem
1124 1700 1255 1762 hostilia
1276 1706 1402 1780 coepta-
1416 1706 1456 1767 70

300 1799 370 1873 rtint,
399 1797 583 1859 Cornelium
615 1797 799 1859 Martialem
830 1818 846 1858 e
878 1798 1133 1877 primipilaribus
1162 1798 1204 1858 ad
1232 1798 1401 1860 Vitellium

299 1887 372 1953 misit
405 1914 479 1969 cum
511 1894 673 1956 mandatis
705 1901 737 1957 et
768 1900 901 1974 questa,
940 1894 1028 1974 quod
1059 1900 1155 1973 pacta
1186 1895 1400 1957 turbarentur.

297 1976 509 2054 diputationem
536 2013 660 2071 prorsus
690 2002 716 2053 et
746 1993 914 2071 imapinem
946 1992 1112 2071 deponendi
1144 1993 1265 2072 imperii
1290 1993 1399 2073 fuisse,

297 2084 337 2145 ad
357 2090 537 2170 decipiendas
568 2100 608 2152 tot
638 2091 770 2153 illustres
799 2092 886 2152 uiros.
920 2091 982 2152 Cur
1011 2091 1091 2151 enim
1124 2111 1138 2151 e
1165 2092 1269 2153 rastris
1290 2091 1403 2169 fratris

299 2176 416 2268 donum,
444 2189 638 2251 inminentem
663 2189 733 2267 faro
758 2198 784 2250 et
804 2189 973 2250 inritandis
994 2189 1152 2250 bominum
1173 2190 1281 2266 oculis,
1309 2211 1402 2269 quam

299 2279 462 2348 Avaricum
493 2296 520 2348 et
548 2296 667 2366 penates
696 2288 797 2349 acoris
822 2288 966 2366 petisset?
995 2287 1050 2347 Ita
1076 2287 1198 2366 priuato
1228 2297 1255 2348 et
1285 2308 1401 2349 omnem

301 2380 466 2463 limparis
501 2386 624 2465 speciem
660 2385 772 2446 citanti
810 2386 979 2447 conuenisse.
1021 2385 1133 2446 Contra
1179 2385 1334 2447 Vitellium
1367 2387 1401 2448 iu
1512 2395 1520 2404 “

302 2470 456 2561 Palatium,
485 2482 520 2544 in
546 2484 645 2562 ipsam
673 2483 795 2561 imperii
822 2503 920 2545 arcem
947 2504 1127 2561 repressum·
1154 2483 1225 2544 inde
1245 2494 1401 2545 armatum

306 2590 388 2652 tanen
423 2581 579 2652 emissam;
616 2590 746 2641 stratam
779 2581 984 2641 innocentium
1014 2580 1152 2642 caedibus
1182 2580 1401 2642 celeberrimam

305 2673 364 2738 libis
377 2688 512 2757 partem;
531 2698 568 2739 ue
591 2679 742 2757 Capitolio
762 2678 883 2757 quidm
905 2679 1057 2740 abstineri.
1083 2679 1228 2757 Tapatum
1251 2699 1354 2758 nempe
1373 2700 1401 2740 se

302 2779 427 2837 danum
454 2797 468 2837 e
493 2777 692 2838 senatoribus:
720 2777 792 2838 dum
822 2777 901 2837 iuter
937 2777 1155 2855 Vespasianum
1182 2798 1217 2837 ac
1246 2777 1401 2837 Vitellium

297 2874 399 2946 proeliis
419 2875 584 2953 lemanum,
610 2875 833 2954 captivitatibus
852 2875 990 2949 urbium,
1013 2875 1215 2936 deditionibus
1235 2876 1401 2936 cohortium

296 2967 447 3049 natatur,
468 2973 535 3034 iam
554 2973 718 3052 Hispaniis
741 2972 970 3051 Germaniisque
990 2982 1016 3033 et
1036 2973 1207 3034 Britannia
1222 2973 1401 3035 desciscenti-

294 3064 348 3147 bus,
369 3069 500 3147 fratrem
535 3070 710 3149 Vespasiani
736 3071 880 3132 mansisse
905 3071 939 3131 in
954 3070 1033 3149 fide,
1062 3072 1151 3131 donec
1171 3072 1252 3132 ultro
1273 3071 1315 3131 ad
1334 3091 1400 3132 con·

290 3164 407 3229 ditiones
425 3177 585 3229 uocaretur.
614 3169 725 3230 Pacem
745 3177 772 3229 et
792 3168 982 3229 concordiam
1002 3168 1087 3229 uictis
1107 3169 1216 3245 utilia,
1243 3169 1401 3230 uictoribus

289 3273 399 3327 aaran
424 3266 553 3345 pulchra
580 3286 643 3327 esse.
671 3266 707 3327 Si
734 3267 933 3329 conventionis
956 3266 1125 3345 paeniteat,
1154 3286 1214 3327 ncn
1242 3287 1286 3343 se,
1314 3288 1400 3345 quem

251 3393 253 3434 ε
280 3363 407 3444 perfidia
442 3363 599 3442 deceperit,
632 3364 715 3442 ferro
748 3374 872 3442 peteret,
911 3385 972 3425 non
1004 3365 1109 3443 filium
1149 3364 1324 3442 Vespasiani
1353 3365 1401 3426 uin

310 3620 336 3673 ’2.
357 3621 469 3672 Gratilla
486 3620 590 3672 Ernesti
608 3638 635 3672 ea
654 3621 723 3673 Ptin.
743 3622 793 3688 Ep.
814 3622 890 3686 3.11‚
910 3623 951 3674 al
971 3621 1074 3687 gratilia
1087 3622 1117 3673 F.
1141 3652 1168 3658 —
1181 3622 1205 3674 3.
1226 3620 1343 3672 belloFl.
1365 3650 1397 3657 -

276 3712 299 3765 t.
324 3718 385 3779 post
411 3710 503 3761 accinit
526 3710 636 3777 spatium
660 3718 712 3761 octo
737 3712 852 3761 decemue
877 3711 1016 3761 litterarum
1038 3728 1164 3771 stacteum
1189 3711 1302 3777 proximo
1323 3728 1400 3760 uersu

274 3800 389 3869 sepiatur·
408 3807 482 3850 erant
501 3799 593 3865 quies.
614 3800 648 3849 ad
668 3798 771 3851 14127.
792 3831 824 3838 -
845 3801 869 3851 7.
888 3802 957 3865 ipsos
967 3808 993 3851 et
1003 3800 1030 3850 ni
1039 3800 1152 3850 Picbcna
1162 3800 1217 3865 ipso
1228 3817 1254 3850 sc
1263 3800 1305 3849 Ini
1315 3800 1345 3850 F.
1366 3829 1398 3836 —

275 3892 315 3946 lo.
345 3889 427 3940 Inber
452 3888 482 3939 F.
512 3918 545 3927 --
572 3888 613 3940 14.
641 3896 761 3955 questum
786 3888 900 3956 Madvip.
930 3920 963 3927 -
990 3890 1031 3941 15.
1060 3889 1223 3940 simulatione
1243 3889 1273 3939 F.
1304 3919 1336 3926 -
1358 3888 1397 3940 19.

271 3979 387 4032 &lenisse
406 3978 436 4028 F.
464 4007 497 4014 --
516 3976 559 4028 24.
585 3975 765 4047 captiluitab3
786 3978 815 4029 F.
837 4009 869 4016 -
889 3977 931 4030 25.
951 3978 1112 4044 germanisq3
1133 3979 1154 4028 F
1165 3980 1193 4044 cf.
1216 3977 1318 4030 15732.
1338 3978 1398 4028 His-

271 4068 357 4136 paniis
392 4066 538 4133 Galliisque
572 4074 599 4118 et
627 4067 765 4117 Britannia
792 4067 883 4118 Rittea
913 4069 1036 4133 „fortene
1065 4067 1156 4117 Galliis
1183 4067 1397 4132 Gernraniisque”

271 4158 352 4225 Xipp.
375 4185 411 4193 -
430 4154 472 4208 29.
493 4172 571 4221 seque
583 4153 586 4222 1
598 4156 715 4221 pertidia.

304 4258 470 4298 conamus
489 4258 616 4295 ramnus.
636 4244 687 4295 ΙΙΙ.
1260 4242 1292 4294 10
1386 4303 1389 4307 Δ
