3409 4909
306 479 335 527 p.
357 460 405 513 Ch.
425 462 471 527 69)
646 478 873 521 ursaonraauu
895 461 957 521 ΠΙ.
979 461 1106 521 51-58,
1375 461 1431 526 137

306 644 456 723 urgendo
476 644 675 707 trahendove
694 644 781 706 bello
802 645 934 723 modus,
957 647 1037 709 alios
1058 648 1199 725 rogitans
1220 652 1252 708 et
1270 647 1431 709 adomnia

308 743 444 805 nuntios
473 742 564 805 voltu
586 762 714 823 quoque
736 749 768 805 et
788 744 916 804 incessu
937 744 1099 824 trepidus,
1128 744 1203 806 dein
1224 745 1430 807 temulentus.

309 843 479 904 Postremo
504 841 611 903 taedio
638 846 816 902 castrorum
844 846 876 903 et
904 843 1017 904 audita
1042 843 1220 906 defectione
1242 843 1432 905 Misenensis

310 940 423 1002 classis
465 940 603 1001 Romam
643 940 789 1016 revertit,
831 941 1089 1002 recentissimum
1129 941 1280 1022 quodque
1316 942 1432 1003 volnus

270 1049 290 1100 5
309 1058 451 1119 pavens,
479 1038 600 1099 summi
621 1037 815 1099 discriminis
836 1039 1026 1100 incuriosus.
1053 1040 1137 1100 Nam
1159 1059 1233 1101 cum
1255 1039 1433 1118 transgredi

311 1136 546 1216 Appenninum
577 1136 700 1213 integro
732 1136 890 1197 exercitus
921 1138 971 1197 sui
999 1138 1112 1199 robore
1140 1143 1172 1199 et
1198 1137 1297 1199 fessos
1326 1139 1433 1199 hieme

311 1241 410 1315 atque
437 1234 549 1314 inopia
576 1234 684 1295 hostes
712 1233 843 1310 adgredi
865 1234 900 1295 in
920 1240 1031 1314 aperto
1053 1235 1149 1311 foret,
1179 1235 1258 1295 dum
1279 1235 1434 1315 dispergit

311 1335 411 1410 vires,
440 1333 632 1394 acerrimum
660 1330 799 1393 militem
825 1336 857 1393 et
885 1351 987 1410 usque
1013 1333 1046 1393 in
1068 1339 1212 1393 extrema
1232 1332 1432 1394 obstinatum

310 1430 542 1493 trucidandum
573 1429 832 1509 capiendumque
863 1430 1012 1508 tradidit,
1045 1431 1246 1510 peritissimis
1275 1431 1433 1493 centurio-

251 1538 392 1593 lunum
430 1528 695 1590 dissentientibus
733 1534 781 1603 et,
819 1527 846 1588 si
882 1528 1141 1607 consulerentur,
1180 1548 1256 1590 vera
1287 1529 1430 1590 dicturis.

310 1628 452 1688 Arcuere
474 1646 527 1688 eos
547 1626 656 1687 intimi
677 1625 855 1686 amicorum
879 1625 1017 1703 Vitellii,
1043 1626 1089 1688 ita
1110 1626 1255 1688 formatis
1277 1628 1432 1706 principis

310 1724 461 1802 auribus,
489 1730 527 1785 ut
554 1743 680 1803 aspere,
708 1743 792 1804 quae
819 1724 931 1802 utilia,
959 1724 1215 1804 necquicquam
1237 1725 1299 1785 nisi
1319 1725 1433 1786 iucun-

310 1821 392 1883 dum
413 1827 446 1884 et
465 1822 629 1883 laesurum
650 1821 817 1901 acciperet.

352 1920 414 1981 Sed
435 1920 570 1981 classem
592 1920 807 1981 Misenensem
825 1922 970 1997 (tantum
985 1920 1135 1980 civilibus
1151 1919 1318 1982 discordiis
1333 1920 1430 1981 etianr
1446 1922 1482 1987 57

251 2028 289 2081 15
309 2018 513 2095 singulorum
535 2016 670 2078 audacia
690 2016 791 2094 valet)
813 2016 969 2078 Claudius
990 2017 1189 2078 Faventinus
1210 2018 1355 2079 centurio
1377 2037 1433 2096 per

309 2116 524 2192 ignominiam
552 2135 572 2175 a
598 2115 702 2176 Galba
729 2114 882 2175 dimissus
909 2114 950 2175 ad
973 2114 1184 2176 defectionem
1206 2117 1320 2194 traxit,
1350 2116 1432 2176 fictis

310 2213 503 2292 Vespasiani
531 2213 677 2292 epistulis
705 2214 846 2292 pretium
868 2212 1059 2291 proditionis
1081 2218 1255 2274 ostentans.
1285 2215 1434 2274 Praeerat

310 2310 407 2373 classi
444 2311 600 2373 Claudius
637 2312 851 2390 Apollinaris,
891 2331 995 2391 neque
1033 2311 1108 2372 fidei
1147 2317 1297 2373 constans
1328 2330 1433 2390 neque

309 2418 461 2471 strenuus
498 2410 532 2470 in
569 2409 704 2488 perfidia
711 2431 718 2486 ;
758 2414 790 2470 et
820 2410 959 2488 Apinius
992 2410 1082 2487 Tiro,
1120 2415 1270 2488 praetura
1302 2409 1433 2471 functus

250 2514 290 2571 20
310 2526 349 2568 ac
390 2513 462 2567 tum
504 2507 585 2569 forte
626 2508 801 2569 Minturnis
839 2526 951 2584 agens,
994 2507 1110 2567 ducem
1147 2527 1180 2568 se
1219 2507 1433 2568 delectoribus

310 2604 440 2667 obtulit.
462 2607 491 2666 A
513 2606 631 2685 quibus
652 2605 831 2683 municipia
848 2604 1057 2685 coloniaeque
1071 2606 1237 2684 inpulsae,
1259 2606 1432 2683 praecipuo

311 2703 564 2766 Puteolanorum
598 2705 633 2763 in
664 2703 901 2782 Vespasianum
934 2702 1055 2779 studio,
1091 2709 1203 2764 contra
1235 2703 1346 2782 Capua
1378 2702 1432 2762 Vi-

310 2801 401 2863 tellio
428 2801 510 2880 fida,
538 2801 769 2880 municipalem
797 2801 1049 2862 aemulationem
1071 2801 1163 2861 bellis
1186 2800 1335 2862 civilibus
1357 2800 1432 2861 mis-

311 2900 435 2960 cebant.
473 2899 623 2961 Vitellius
662 2898 835 2959 Claudium
874 2898 1040 2959 Iulianum
1079 2899 1120 2976 (is
1159 2918 1262 2977 nuper
1297 2898 1432 2959 classem

252 3003 290 3057 25
311 2996 527 3059 Misenensem
557 2997 649 3057 molli
681 2997 816 3074 imperio
848 2998 988 3073 rexerat)
1019 2995 1257 3073 permulcendis
1289 2995 1432 3056 militum

311 3095 429 3156 animis
457 3095 589 3173 delegit;
619 3094 695 3155 data
722 3095 757 3154 in
784 3094 945 3155 auxilium
974 3094 1098 3154 urbana
1126 3094 1239 3155 cohors
1261 3100 1292 3155 et
1312 3093 1432 3170 gladia-

310 3198 410 3271 tores,
432 3194 550 3273 quibus
571 3193 719 3254 lulianus
741 3198 895 3272 praeerat.
923 3192 967 3252 Ut
988 3192 1106 3253 collata
1127 3192 1290 3271 utrimque
1312 3197 1430 3269 castra,

310 3292 401 3354 haud
422 3312 540 3369 magna
561 3292 765 3352 cunctatione
786 3290 915 3350 luliano
938 3290 972 3349 in
994 3295 1100 3368 partes
1124 3289 1312 3369 Vespasiani
1330 3294 1432 3349 trans·

310 3409 418 3466 gresso
432 3389 638 3450 Tarracinam
653 3407 866 3466 occupavere,
888 3387 1058 3448 moenibus
1073 3386 1201 3465 situque
1216 3387 1317 3463 magis
1333 3405 1432 3465 quam

254 3495 291 3550 30
311 3488 457 3567 ipsorum
486 3487 615 3563 ingenio
646 3490 761 3547 tutam.
794 3485 884 3556 Quae
915 3484 971 3545 ubi
1004 3483 1136 3544 Vitellio
1167 3484 1309 3560 cognita,
1341 3489 1431 3561 parte
1446 3496 1484 3557 58

311 3587 477 3665 copiarum
507 3584 645 3645 Narniae
673 3602 747 3645 cum
775 3582 944 3661 praefectis
969 3581 1121 3661 praetorii
1142 3581 1253 3642 relicta
1276 3582 1309 3641 L.
1333 3581 1432 3642 Vitel-

309 3683 393 3743 lium
424 3681 555 3743 fratrem
586 3699 661 3741 cum
692 3700 749 3741 sex
780 3679 966 3740 cohortibus
998 3683 1030 3739 et
1058 3679 1240 3758 quingentis
1269 3677 1431 3758 equitibus

346 3854 371 3903 4.
391 3869 495 3919 quoque
513 3853 543 3903 F.
563 3882 596 3889 —
617 3853 640 3903 7.
660 3851 812 3917 dispergunt
825 3851 905 3917 Nipp.
926 3852 1012 3901 -11.
1033 3867 1138 3900 arcuere
1147 3849 1219 3916 Lipa
1230 3866 1338 3915 arguere
1348 3850 1377 3900 F.
1399 3880 1431 3887 -

311 3941 353 3994 12.
382 3959 472 4008 aspere
499 3942 635 4009 Bipontinr'
662 3958 754 4007 aspera
781 3941 804 3991 F
827 3947 1028 4005 aspernarentur
1055 3938 1082 3991 0.
1109 3939 1146 3988 M.
1166 3938 1306 3989 Francken.
1336 3970 1369 3977 -
1391 3940 1431 3991 13.

1244 4027 1293 4060 nen

308 4085 456 4150 acciperent
483 4082 510 4135 0.
537 4084 573 4135 M.
599 4084 738 4134 Francken.
769 4113 800 4120 -
829 4084 869 4134 17.
896 4082 1001 4147 uespani
1023 4080 1064 4131 Fl.
1091 4111 1124 4119 -
1143 4080 1185 4133 aa.
1215 4082 1323 4132 misense
1343 4082 1371 4133 F.
1399 4111 1431 4119 —

308 4175 353 4227 31.
372 4173 464 4239 ptoriis
482 4172 524 4224 Fl.
