3409 4909
289 501 314 550 p.
333 483 380 535 Ch.
400 484 444 546 70)
650 500 878 543 nrsronmnuu
900 483 937 543 V.
960 483 1049 546 5-7.
1352 482 1410 547 217

288 667 477 729 Balsamum
504 667 633 730 modica
660 668 769 729 arbor:
798 673 835 728 ut
863 668 1000 748 quisque
1028 687 1137 729 ramus
1165 670 1339 745 intumuit,
1368 669 1411 747 (si

288 766 356 829 vim
377 765 451 827 ferri
472 765 641 844 adhibeam
662 774 784 847 pavent
805 769 920 845 venae)
942 767 1099 844 fragmine
1120 767 1238 847 lapidis
1257 772 1314 828 aut
1328 772 1411 828 testa

288 864 492 943 aperiuntur,
521 884 615 926 umor
642 866 676 925 in
697 885 760 926 usu
780 864 982 925 medentium
1004 870 1060 925 est.
1082 865 1297 943 Praecipuum
1320 884 1410 925 mon·

251 988 258 1003 =
288 961 372 1023 tium
403 962 565 1023 Libanum
596 963 703 1042 erigit,
738 964 859 1024 mirum
890 962 996 1039 dictu,
1028 966 1137 1023 tantos
1167 962 1251 1023 inter
1282 962 1410 1023 ardores

253 1076 427 1138 sopacum
455 1059 623 1139 fidumque
643 1061 783 1123 nivibus.
811 1061 905 1122 Idem
926 1079 1056 1121 amnem
1077 1060 1238 1121 Iordanen
1259 1059 1317 1121 alit
1338 1060 1411 1120 fun-

289 1156 417 1236 ditque3
455 1176 514 1218 nec
549 1158 703 1219 Iordanes
734 1158 847 1237 pelago
879 1159 1052 1237 accipitur,
1091 1157 1148 1219 sed
1179 1177 1282 1218 unum
1314 1164 1411 1237 atque

289 1255 427 1316 alterum
453 1255 562 1317 lacurn
590 1256 712 1333 integer
739 1256 885 1335 perfluit.
913 1257 1008 1318 tertio
1036 1257 1200 1318 retinetur.
1232 1257 1336 1317 Lacus
1364 1257 1410 1317 in-

289 1372 400 1414 menso
432 1353 557 1415 ambitu
589 1355 694 1433 specie
725 1354 840 1431 maris,
877 1374 989 1433 sapore
1021 1355 1216 1434 corruptior,
1254 1354 1411 1431 gravitate

289 1450 396 1513 odoris
424 1452 541 1513 accolis
569 1452 715 1531 pestifer,
743 1472 848 1531 neque
874 1458 970 1514 vento
992 1452 1161 1533 inpellitur
1181 1471 1286 1531 neque
1307 1453 1410 1530 pisces

236 1564 271 1618 10
289 1555 347 1610 aut
373 1555 480 1611 suetas
508 1551 600 1630 aquis
628 1550 774 1612 volucres
802 1551 934 1630 patitur.
957 1551 1080 1612 Inertes
1101 1549 1208 1611 undae
1229 1552 1411 1630 superiacta

289 1651 326 1707 ut
347 1646 450 1708 solido
468 1647 591 1725 ferunt3
613 1648 709 1728 periti
723 1648 929 1727 imperitique
944 1648 1043 1708 nandi
1058 1647 1191 1728 perinde
1206 1647 1409 1709 attolluntur.

291 1745 385 1806 Certo
412 1746 490 1806 anni
517 1746 666 1807 bitumen
686 1746 800 1823 egerit,
829 1747 921 1807 cuius
943 1745 1069 1823 legendi
1091 1766 1204 1822 usum,
1233 1751 1270 1807 ut
1291 1751 1410 1808 ceteras

290 1848 390 1921 artes,
412 1844 610 1922 experientia
631 1843 749 1905 docuit.
771 1844 850 1905 Ater
871 1848 986 1923 suapte
1003 1849 1119 1905 natura
1133 1845 1239 1923 liquor
1254 1848 1286 1905 et
1300 1862 1410 1924 sparso

289 1946 379 2001 aceto
411 1947 577 2003 concretus
607 1942 749 2002 innatat:
787 1941 876 2001 huno
907 1960 1008 2002 manu
1039 1946 1185 2020 captum,
1224 1942 1342 2022 quibus
1373 1960 1411 2002 ea

236 2054 271 2105 15
290 2058 381 2117 cura,
409 2039 444 2099 in
471 2058 600 2100 summa
627 2040 719 2100 navis
747 2039 898 2116 trahunt;
927 2039 1003 2100 inde
1031 2039 1122 2100 nullo
1150 2040 1282 2101 iuvante
1303 2038 1411 2099 influit

290 2142 481 2215 oneratque,
520 2137 622 2198 donec
652 2136 831 2198 abscindas.
870 2138 936 2198 Nec
968 2136 1154 2198 abscindere
1186 2156 1257 2198 aere
1288 2136 1410 2198 ferrove

289 2235 408 2314 possis:
447 2235 529 2313 fugit
560 2255 706 2297 cruorem
737 2240 924 2315 vestemque
945 2234 1108 2295 'infectam
1140 2235 1309 2313 sanguine,
1346 2253 1410 2311 quo

289 2330 429 2393 feminae
455 2353 513 2412 per
540 2345 665 2394 menses
693 2333 899 2396 exolvuntur.
932 2331 983 2393 Sic
1010 2337 1133 2394 veteres
1161 2338 1322 2393 auctores:
1354 2330 1411 2392 sed

289 2429 380 2505 gnari
401 2428 546 2490 locorum
567 2430 701 2492 tradunt
721 2431 883 2492 undantes
904 2430 1065 2492 bitumine
1086 2430 1187 2490 moles
1205 2428 1283 2508 pelli
1297 2448 1411 2489 manu·

233 2548 272 2603 20
291 2544 353 2603 que
375 2527 460 2587 trahi
481 2527 523 2587 ad
543 2527 621 2589 litus
629 2548 636 2605 ;
665 2548 759 2606 mox,
788 2528 845 2590 ubi
868 2547 985 2607 vapore
1007 2534 1124 2603 terrae,
1153 2526 1186 2587 vi
1207 2526 1283 2586 solis
1304 2526 1410 2585 inaru-

290 2624 388 2703 erint,
411 2625 574 2686 securibus
596 2625 769 2705 cuneisque
791 2631 828 2686 ut
848 2626 956 2688 trabes
978 2630 1034 2687 aut
1049 2644 1127 2685 saxa
1142 2623 1288 2684 discindi.
1311 2622 1443 2693 Haud7
1509 2652 1511 2662 =

289 2723 402 2801 procul
440 2722 515 2784 inde
553 2724 676 2804 campi,
715 2743 795 2802 quos
829 2724 938 2784 ferunt
968 2723 1047 2784 olim
1077 2721 1191 2783 uberes
1222 2720 1411 2798 magnisque

289 2820 424 2882 urbibus
445 2821 608 2883 habitatos
626 2821 804 2884 fulminum
818 2822 906 2882 iactu
920 2822 1050 2897 arsisse;
1072 2825 1104 2880 et
1117 2837 1247 2881 manere
1261 2818 1410 2896 vestigia,

289 2923 472 2998 terramque
487 2919 608 2999 ipsam,
631 2920 735 2999 specie
749 2919 920 2996 torridam,
943 2919 1009 2980 vim
1024 2917 1210 2996 frugiferam
1225 2916 1410 2996 perdidisse.
1445 2949 1448 2952 ·

234 3040 270 3093 25
289 3018 375 3077 Nam
402 3023 519 3078 cuncta
547 3024 661 3097 sponte
686 3018 773 3078 edita
793 3022 851 3078 aut
871 3037 971 3079 manu
993 3021 1077 3093 sata,
1106 3016 1175 3077 siue
1196 3015 1296 3076 herba
1315 3020 1410 3075 tenus

290 3120 347 3176 aut
374 3115 452 3177 flore
480 3134 537 3176 seu
565 3115 695 3176 solitam
723 3116 757 3175 in
786 3115 926 3194 speciem
947 3113 1130 3191 adolevere,
1159 3117 1228 3173 atra
1249 3118 1280 3174 et
1301 3113 1411 3172 inania

290 3212 381 3274 velut
411 3214 446 3274 in
476 3213 615 3274 cinerem
647 3216 834 3275 vanescunt.
866 3213 934 3289 l'lgo
964 3213 1048 3273 siout
1077 3211 1216 3272 inclutas
1244 3211 1409 3289 quondam

326 3438 350 3489 3.
375 3437 469 3488 humor
487 3438 517 3488 F.
538 3468 570 3474 —
589 3439 614 3489 4.
635 3435 742 3506 (terra)
762 3437 837 3503 erigit
856 3436 946 3487 Ritter.
972 3465 1005 3473 -
1025 3436 1049 3487 5.
1069 3433 1129 3501 agffi
1148 3435 1170 3485 F
1188 3435 1299 3501 (punctis
1318 3433 1411 3483 deleuit

290 3533 313 3576 ef
337 3543 457 3591 superem.
483 3542 585 3576 amnem
604 3544 636 3576 m.
656 3525 692 3591 2).
719 3556 752 3563 —
774 3525 814 3578 10.
841 3525 936 3575 inertes
956 3524 1082 3575 Heinsius
1100 3524 1127 3574 in
1146 3531 1226 3574 certes
1244 3521 1279 3573 Fl
1298 3524 1319 3590 (s
1338 3540 1411 3573 erosa

290 3615 343 3681 est).
365 3643 397 3651 -
417 3631 494 3681 super
511 3614 600 3665 lactan
618 3613 653 3665 F1
672 3615 772 3735 (effipia
791 3630 806 3663 a
824 3632 898 3664 croso
917 3614 970 3679 est).
997 3643 1029 3650 —
1051 3612 1091 3663 12.
1111 3619 1167 3679 post
1186 3612 1247 3661 anni
1265 3610 1281 3661 2
1300 3630 1331 3661 m.
1352 3611 1410 3661 odd.

289 3775 368 3824 seipsa
388 3757 480 3808 firmam
497 3752 548 3825 tpr.
573 3787 605 3794 -
624 3755 667 3809 20.
693 3756 743 3807 trai
764 3756 854 3807 F..—
874 3754 917 3805 2l.
942 3753 1200 3820 Haud—perdidisse
1219 3761 1241 3804 ct
1260 3754 1412 3819 Ego—reor

289 3847 349 3896 citat
375 3844 479 3897 Oronte
496 3848 519 3897 Ι.
539 3848 563 3899 5.
590 3876 623 3883 ·-
643 3844 685 3898 23.
710 3846 762 3896 ictu
782 3844 804 3895 b.
831 3874 864 3881 —
883 3842 925 3894 24.
952 3843 1050 3894 torrida
1068 3844 1091 3893 F
1109 3842 1216 3893 solidam
1240 3840 1350 3892 Orosius.
1378 3870 1410 3877 -

289 3934 332 3987 25.
352 3936 407 3986 sine
425 3936 447 3985 F
467 3937 510 3986 ubi
529 3935 640 4001 Madvig.
662 3963 694 3971 -
714 3933 794 3984 herba
812 3940 887 3983 tenus
906 3941 951 3982 aut
969 3932 1035 3982 flore
1053 3931 1135 3982 Rhea.
1155 3930 1247 3981 herbas
1265 3938 1354 3980 tenues
1367 3936 1411 3979 arrt

289 4024 367 4075 flores
391 4024 421 4074 F.
448 4054 480 4061 -
506 4023 549 4076 26.
575 4040 618 4074 seu
638 4041 685 4073 om.
705 4022 791 4072 llfmlo.
818 4051 851 4058 —
872 4021 937 4087 atra]
958 4028 1051 4085 quatra
1069 4019 1103 4069 Fl
1121 4022 1149 4085 (q
1170 4037 1242 4069 eraso
1261 4025 1307 4084 cst)
1325 4017 1412 4084 putria

293 4112 400 4164 Thomas
423 4111 507 4163 taetra
531 4112 633 4162 Mei-ser.
662 4140 695 4147 -
721 4110 763 4162 27.
791 4110 827 4160 Et
852 4110 909 4174 Ego
933 4109 955 4158 F
980 4108 1026 4172 (Et
1051 4109 1109 4158 odd.
1135 4126 1166 4158 m.
1187 4107 1222 4173 2).
1252 4107 1411 4158 -inclutas

294 4200 364 4254 Oros.
383 4201 438 4251 indi
450 4200 453 4271 l
465 4218 508 4252 cas
526 4202 557 4251 F.
