3409 4909
317 443 356 503 98
745 461 886 504 connum
907 461 1018 503 111111
1291 447 1324 514 (a.
1345 444 1444 499 111122

318 628 513 707 Hispaniam
542 628 583 688 ad
612 629 776 708 primanos
804 628 979 708 epistulae,
1008 629 1096 707 quod
1120 634 1257 708 utraque
1279 628 1363 707 legio
1384 650 1444 710 pro

318 726 446 789 Othone
473 727 608 788 adversa
636 721 769 787 Vitellio
796 726 917 804 iuerat,
946 732 1143 805 sparguntur
1168 747 1224 807 per
1246 727 1370 789 Gallias
1392 728 1444 789 lit-

317 830 418 886 terae:
434 829 664 904 momentoque
679 825 834 904 temporis
847 824 1005 902 flagrabat
1018 825 1130 903 ingens
1145 825 1285 902 bellum,
1301 825 1444 905 Illyricis

265 927 302 991 87
318 922 512 984 exercitibus
533 922 643 1001 palam
665 922 932 999 desciscentibus,
954 922 1067 983 ceteris
1088 922 1253 983 fortunam
1274 923 1443 983 secuturis.

359 1022 447 1081 Dum
467 1020 547 1081 haec
566 1039 623 1100 per
637 1020 819 1099 provincias
834 1040 854 1080 a
868 1020 1067 1100 Vespasiano
1082 1020 1284 1098 ducibusque
1298 1021 1444 1100 partium
1462 1035 1477 1087 5

318 1126 487 1196 geruntur,
509 1117 662 1179 Vitellius
683 1118 900 1196 contemptior
917 1118 952 1177 in
967 1117 1035 1179 dies
1049 1119 1256 1198 segniorque,
1279 1119 1321 1179 ad
1337 1118 1444 1179 omnis

318 1218 570 1296 municipiorum
585 1217 802 1296 villarumque
817 1216 1029 1277 amoenitates
1044 1217 1209 1293 resistens,
1224 1217 1314 1294 gravi
1329 1216 1445 1278 urbem

318 1316 446 1394 agmine
477 1316 615 1395 petebat.
648 1315 823 1392 Sexaginta
855 1314 947 1375 milia
978 1319 1177 1376 armatorum
1207 1315 1443 1393 sequebantur,

318 1412 449 1474 licentia
476 1417 643 1491 corrupta,
672 1412 824 1478 calonum
849 1431 1004 1474 numerus
1026 1412 1179 1491 amplior,
1207 1412 1444 1491 procacissimis

319 1510 417 1570 etiam
445 1510 529 1571 inter
557 1510 835 1586 servosulixarum
863 1509 1017 1587 ingeniis;
1046 1514 1095 1571 tot
1122 1509 1301 1588 legatorum
1325 1511 1493 1577 amico-10

318 1626 456 1685 rumque
481 1608 672 1686 comitatus,
701 1607 855 1668 inhabilis
877 1611 919 1668 ad
939 1608 1137 1687 parendum,
1166 1608 1293 1669 etiamsi
1314 1628 1445 1669 summa

318 1705 478 1766 modestia
506 1710 675 1783 regeretur.
705 1705 891 1767 Onerabant
917 1705 1164 1768 multitudinem
1193 1706 1281 1768 obvii
1301 1726 1343 1767 ex
1365 1706 1444 1767 urbe

319 1808 481 1864 senatores
503 1804 708 1883 equitesque,
730 1804 866 1883 quidam
886 1807 992 1880 metu,
1014 1804 1110 1865 multi
1131 1824 1189 1884 per
1205 1803 1443 1883 adulationem,

319 1902 415 1962 ceteri
436 1921 473 1962 ac
494 1902 654 1981 paulatim
676 1920 803 1978 omneS,
826 1921 867 1962 ne
885 1901 957 1961 aliis
973 1902 1249 1980 proficiscentibus
1263 1902 1327 1981 ipsi
1342 1922 1445 1963 rema-

319 2004 440 2059 nerent.
463 1998 729 2077 Adgregabantur
750 2018 767 2059 e
788 1999 882 2077 plebe
896 1999 1056 2077 flagitiosa
1070 2020 1127 2079 per
1140 2000 1295 2080 obsequia
1310 1999 1444 2061 Vitellio
1465 2012 1494 2065 15

320 2096 455 2173 cogniti,
484 2116 611 2158 scurrae
639 2096 811 2157 histriones
836 2097 980 2175 aurigae,
1011 2098 1128 2175 quibus
1148 2097 1204 2158 ille
1225 2097 1445 2159 amicitiarum

320 2193 616 2255 dehonestamentis
644 2189 735 2255 'mire
772 2193 942 2271 gaudebat.
982 2195 1047 2255 Nec
1082 2194 1226 2256 coloniae
1256 2195 1356 2256 modo
1389 2201 1446 2256 aut
1492 2231 1493 2234 =

267 2306 305 2366 88
320 2292 499 2371 municipia
538 2297 690 2369 congestu
729 2292 914 2371 copiarum,
952 2292 1008 2353 sed
1039 2292 1102 2372 ipsi
1133 2293 1270 2354 cultores
1302 2313 1445 2373 arvaque

320 2390 456 2450 maturis
483 2390 549 2450 iam
578 2390 723 2467 frugibus
744 2394 782 2450 ut
802 2390 921 2451 hostile
942 2391 1048 2451 solum
1070 2391 1290 2452 vastabantur.
1320 2392 1445 2453 Multae

318 2493 351 2549 et
379 2493 501 2550 atroces
528 2489 613 2550 inter
641 2508 674 2549 se
702 2488 846 2549 militum
874 2487 1003 2564 caedes,
1031 2492 1105 2567 post
1125 2488 1317 2550 seditionem
1340 2489 1445 2551 Ticini
1462 2500 1496 2555 20

318 2592 467 2666 coeptam
498 2591 650 2647 manente
682 2586 846 2663 legionum
878 2585 1140 2665 auxiliorumque
1171 2586 1347 2664 discordia;
1387 2587 1444 2648 ubi

318 2685 472 2746 adversus
500 2704 643 2763 paganos
671 2684 861 2745 certandum
889 2684 986 2762 foret,
1015 2703 1182 2745 consensu.
1212 2684 1274 2745 Sed
1302 2686 1445 2764 plurima

319 2788 439 2860 strages
461 2782 502 2842 ad
524 2783 700 2861 septimum
722 2782 762 2842 ab
784 2782 863 2843 urbe
884 2782 1036 2861 lapidem.
1059 2782 1199 2860 Singulis
1219 2782 1265 2842 ibi
1284 2783 1445 2844 militibus

321 2880 472 2941 Vitellius
500 2885 629 2960 paratos
659 2881 747 2941 cibos
774 2884 812 2941 ut
839 2880 1064 2958 gladiatoriam
1093 2881 1238 2958 saginam
1259 2881 1428 2943 dividebat
1435 2902 1442 2959 ;

322 2982 353 3038 et
374 2978 476 3039 effusa
497 2977 606 3056 plebes
627 2978 704 3039 totis
725 2997 759 3039 se
780 2979 893 3039 castris
914 2979 1096 3039 miscuerat.
1119 2977 1302 3040 Incuriosos
1323 2980 1496 3045 militesne

322 3075 510 3153 (vernacula
530 3075 706 3137 utebantur
726 3076 924 3154 urbanitate)
943 3076 1079 3156 quidam
1094 3077 1288 3156 spoliavere,
1310 3078 1444 3139 abscisis

322 3173 434 3235 furtim
471 3173 603 3250 balteis,
643 3195 683 3235 an
715 3174 851 3236 accincti
883 3174 1002 3252 forent,
1041 3176 1224 3253 rogitantes.
1263 3176 1337 3236 Non
1369 3176 1446 3238 tulit

321 3271 501 3332 ludibrium
527 3271 669 3333 insolens
696 3274 910 3335 contumeliae
932 3274 1077 3351 animus,
1104 3273 1262 3334 inermem
1283 3274 1445 3353 populum

321 3369 436 3447 gladiis
458 3369 612 3431 invasere.
636 3370 755 3430 Caesus
775 3370 860 3431 inter
881 3371 960 3431 alios
982 3375 1074 3449 pater
1094 3371 1224 3448 militis,
1246 3389 1322 3431 oum
1338 3371 1444 3432 filium

322 3467 544 3544 comitaretur;
572 3465 689 3527 deinde
716 3467 860 3545 agnitus,
889 3471 921 3527 et
948 3467 1077 3544 volgata
1105 3466 1201 3528 caede
1226 3472 1444 3547 temperatum
1463 3481 1497 3535 30

322 3564 362 3625 ab
399 3564 551 3626 innoxiis.
589 3565 629 3625 In
668 3564 746 3625 urbe
784 3569 895 3625 tamen
933 3565 1132 3644 trepidatum
1163 3566 1444 3644 praecurrentibus

322 3664 442 3741 passim
464 3663 640 3725 militibus:
661 3663 768 3724 forum
789 3663 1122 3742 maximepetebant,
1144 3663 1296 3741 cupidine
1317 3663 1444 3727 visendi

321 3761 445 3839 locum,
476 3762 511 3821 in
540 3780 603 3839 quo
633 3761 737 3822 Galba
762 3760 921 3822 iacuisset.
950 3761 1016 3821 Nec
1037 3760 1145 3821 minus
1167 3779 1301 3823 saevum
1322 3765 1444 3841 specta-

322 3859 433 3919 culum
454 3864 545 3920 erant
562 3860 641 3939 ipsi,
662 3859 758 3936 tergis
773 3859 914 3920 ferarum
929 3864 960 3920 et
974 3858 1158 3936 ingentibus
1173 3858 1245 3920 telis
1260 3858 1443 3935 horrentes,

358 4057 382 4109 6.
410 4061 465 4108 offis
483 4058 514 4108 F.
543 4087 576 4095 -
598 4057 638 4108 12.
668 4066 770 4124 regetur
787 4058 818 4108 F.
845 4087 878 4095 -
900 4056 940 4108 14.
965 4056 1021 4108 odis
1039 4057 1070 4107 F.
1091 4086 1124 4093 -
1144 4055 1186 4108 22.
1206 4056 1328 4108 certando
1348 4055 1391 4108 ΡΙ.
1412 4086 1443 4094 -

321 4146 376 4196 fore
394 4146 424 4197 F.
445 4177 478 4184 --
498 4145 542 4199 28.
562 4147 701 4198 {tumeliae
719 4147 749 4197 F.
772 4177 803 4184 —
824 4147 866 4199 33.
887 4151 965 4222 securi
983 4146 1014 4195 F.
