3409 4909
318 471 376 531 104
741 487 882 530 eorunm
904 487 1016 528 morrr
1287 471 1320 537 (a.
1340 487 1365 521 u.
1386 469 1439 523 822
1502 474 1505 480 ’

315 658 404 735 gravi
432 657 573 735 corporis
601 656 714 717 morbo
742 661 814 717 tum
842 656 984 734 primum
1014 654 1240 732 adsurgentem
1266 654 1440 715 infirmitas
1513 717 1515 723 ,

314 754 473 816 tardabat.
502 756 608 831 Longe
636 754 700 814 alia
728 754 960 833 proficiscentis
982 773 1022 814 ex
1043 753 1122 814 urbe
1145 753 1329 814 Germanici
1350 772 1440 813 exer-

315 853 398 913 citus
419 852 556 931 species:
585 871 651 912 non
672 852 762 929 vigor
782 852 985 930 corporibus,
1012 871 1077 912 non
1099 851 1195 912 ardor
1215 851 1349 928 animis3
1372 852 1440 911 len-

315 956 386 1011 tum
414 955 446 1011 et
474 969 583 1010 rarum
611 968 741 1026 agmen,
769 949 860 1009 fluxa
889 969 994 1025 anna,
1023 968 1133 1026 segnes
1155 949 1246 1028 equi3
1274 948 1440 1028 inpatiens

315 1048 391 1109 solis
413 1048 556 1127 pulveris
577 1052 824 1126 tempestatum,
850 1052 1075 1127 quantumque
1096 1047 1194 1108 hebes
1215 1046 1255 1107 ad
1278 1046 1440 1107 sustineri·
1459 1057 1476 1109 5

316 1145 395 1205 dum
417 1145 562 1206 laborem
582 1145 691 1222 miles,
713 1149 805 1205 tanto
827 1144 868 1205 ad
889 1144 1066 1206 discordias
1088 1145 1276 1225 promptior.
1300 1144 1440 1205 Accede·
1506 1203 1508 1209 .

314 1242 372 1303 bat
393 1242 458 1302 huc
475 1241 630 1302 Caecinae
645 1242 780 1302 ambitio
796 1247 904 1320 vetus,
926 1247 1037 1321 torpor
1051 1260 1159 1303 recens
1174 1242 1276 1301 nimia
1291 1240 1441 1303 fortunae

315 1340 518 1418 indulgentia
539 1340 637 1402 soluti
658 1341 693 1401 in
714 1340 847 1418 luxum,
869 1360 926 1402 seu
948 1340 1115 1420 perfidiam
1139 1340 1310 1402 meditanti
1327 1340 1441 1401 infrin-

314 1458 386 1515 gere
414 1439 574 1499 exercitus
603 1439 758 1500 virtutem
786 1439 871 1500 inter
892 1446 976 1500 artes
998 1443 1073 1500 erat.
1103 1438 1271 1500 Credidere
1292 1438 1440 1518 plerique

315 1536 421 1597 Flavii
442 1537 554 1597 Sabini
575 1537 717 1598 consiliis
732 1557 922 1598 concussam
938 1537 1093 1598 Caecinae
1108 1542 1266 1616 mentem,
1289 1537 1438 1599 ministro
1459 1544 1492 1598 10

315 1652 502 1694 sermonum
524 1633 646 1694 Rubrio
668 1633 778 1695 Gallo:
800 1639 870 1695 rata
891 1634 980 1713 apud
999 1634 1238 1714 Vespasianum
1258 1634 1325 1695 fore
1344 1640 1440 1715 pacta

314 1731 531 1807 transitionis3
553 1731 651 1791 simul
673 1731 821 1793 odiorum
843 1732 1048 1811 invidiaeque
1070 1752 1144 1810 erga
1164 1732 1304 1793 Fabium
1323 1732 1439 1793 Valen-

315 1834 381 1890 tem
403 1828 653 1906 admonebatur,
676 1834 713 1889 ut
733 1829 828 1908 inpar
849 1828 938 1908 apud
955 1829 1124 1890 Vitellium
1139 1830 1275 1907 gratiam
1290 1829 1440 1908 viresque

316 1926 404 2006 apud
426 1945 549 1987 novum
571 1926 750 2005 principem
772 1933 907 2005 pararet.

235 2036 295 2098 100
356 2023 493 2083 Caecina
514 2043 531 2083 e
552 2023 727 2101 complexu
749 2023 872 2085 Vitellii
894 2024 999 2085 multo
1021 2043 1095 2084 cum
1117 2024 1238 2085 honore
1260 2023 1438 2101 digressus,
1458 2034 1489 2087 15

316 2126 441 2199 partem
463 2120 610 2199 equitum
633 2121 674 2181 ad
696 2120 920 2199 occupandam
941 2122 1134 2182 Cremonam
1155 2120 1330 2199 praemisit.
1360 2121 1440 2181 Mox

316 2218 436 2279 vexilla
464 2219 603 2297 primae,
632 2224 781 2297 quartae,
810 2219 943 2298 quintae
972 2219 1131 2296 decimae,
1160 2222 1269 2279 sextae
1294 2217 1439 2279 decimae

315 2317 494 2395 legionum,
524 2316 599 2377 dein
621 2317 736 2396 quinta
757 2323 788 2378 et
809 2317 1085 2379 duoetvicensima
1106 2322 1249 2393 secutae,
1276 2321 1439 2395 postremo

316 2414 443 2491 agmine
482 2415 759 2476 unaetvicensima
790 2415 905 2495 Rapax
936 2420 968 2475 et
999 2415 1104 2493 prima
1136 2414 1250 2475 Italica
1281 2414 1439 2475 incessere

316 2530 390 2571 cum
429 2512 606 2573 vexillariis
644 2513 743 2574 trium
778 2513 1038 2573 Britannicarum
1069 2511 1233 2589 legionum
1265 2516 1297 2572 et
1328 2511 1439 2573 electis
1457 2520 1491 2575 20

316 2609 456 2671 auxiliis.
485 2610 632 2671 Profecto
661 2611 798 2671 Caecina
826 2610 954 2689 scripsit
982 2609 1102 2670 Fabius
1124 2609 1244 2671 Valens
1265 2609 1439 2687 exercitui,

317 2727 414 2786 quem
434 2708 503 2787 ipse
525 2708 730 2786 ductaverat,
752 2713 789 2769 ut
809 2709 844 2768 in
859 2708 972 2769 itinere
990 2708 1205 2787 opperiretur:
1227 2707 1272 2767 sic
1287 2707 1349 2768 sibi
1363 2726 1439 2767 cum

317 2805 455 2866 Caecina
476 2806 677 2883 convenisse;
701 2807 758 2886 qui
778 2825 930 2885 praesens
951 2825 1053 2884 eoque
1073 2805 1211 2867 validior
1225 2809 1390 2866 mutatum
1406 2803 1440 2864 id

317 2904 488 2964 consilium
516 2904 627 2982 finxit,
657 2910 694 2965 ut
720 2904 884 2982 ingruenti
909 2904 993 2964 bello
1014 2907 1083 2965 tota
1104 2902 1189 2963 mole
1211 2908 1437 2964 occurreretur.

318 3002 368 3062 lta
396 3001 574 3063 adcelerare
602 3002 760 3079 legiones,
788 3003 998 3078 Cremonam,
1026 3020 1100 3080 pars
1128 2999 1306 3061 Hostiliam
1331 3006 1438 3080 petere
1457 3011 1490 3065 ‘25

317 3099 439 3159 iussae:
476 3100 545 3177 ipse
577 3100 766 3161 Ravennam
798 3100 950 3174 devertit,
983 3102 1151 3178 praetexto
1183 3098 1319 3159 classem
1351 3096 1439 3158 adlo

317 3197 447 3275 qnendi.
470 3198 549 3258 Mox
569 3198 683 3260 Patavi
704 3203 864 3259 secretum
885 3197 1126 3275 componendae
1147 3195 1323 3275 proditioni
1343 3215 1438 3275 quae·

317 3294 426 3355 situm.
466 3295 615 3375 Namque
653 3296 797 3357 Lucilius
835 3295 954 3356 Bassus
992 3300 1065 3374 post
1103 3294 1337 3373 praefecturam
1368 3293 1439 3354 alae

353 3464 377 3514 7.
406 3472 479 3515 uetus
498 3481 526 3514 ea
544 3472 627 3514 metus
645 3481 707 3514 corr.
727 3464 749 3514 F
769 3493 802 3500 -
821 3463 846 3515 8.
866 3462 1001 3513 meditanti
1019 3462 1102 3513 Rhea.
1122 3461 1254 3512 meditatio
1273 3461 1296 3512 F
1314 3460 1439 3512 meditato

319 3550 426 3602 Gronov.
456 3582 488 3589 —
508 3554 533 3604 9.
562 3552 689 3603 exereitus
707 3552 749 3603 F1.
778 3582 812 3589 -
833 3553 874 3603 17.
903 3552 1055 3617 primae-
1074 3558 1162 3602 sextae
1185 3550 1298 3601 decimae
1316 3549 1438 3600 Ferlctaa.

316 3640 367 3690 reici
390 3641 457 3707 qrcod
480 3641 552 3691 addit
569 3649 595 3691 et
613 3648 670 3691 onte
689 3639 922 3703 sextaedecimae,
947 3640 1015 3706 qaod
1033 3640 1123 3690 omittit
1141 3639 1221 3706 Nipp.
1247 3639 1280 3689 In
1298 3634 1436 3706 quattuorl

316 3729 380 3780 deon
409 3729 478 3781 XVI
505 3729 528 3779 F
554 3730 655 3793 „omnio
680 3730 739 3780 laec
762 3730 874 3780 sanaris
894 3729 1035 3796 perscripta
1059 3735 1143 3792 crant,
1173 3727 1285 3790 lincolie,
1313 3734 1341 3777 ut
1365 3726 1439 3788 colet,

315 3819 479 3884 sarperdnctia.
505 3818 569 3868 Iade
594 3836 622 3869 cr
645 3805 664 3869 Ϊ
684 3825 765 3870 ortum
789 3825 824 3868 cat
846 3817 889 3880 in,
915 3834 942 3867 ca
966 3804 1012 3870 1'v‘
1033 3817 1096 3867 male
1121 3817 1242 3883 explicato
1266 3823 1391 3882 quattuor
1412 3832 1440 3865 ea

316 3893 369 3959 ff
388 3907 427 3957 rel
447 3908 534 3973 potius
557 3894 611 3959 X—V
629 3914 716 3957 natrcm
735 3914 770 3957 cst
788 3906 891 3957 demend’
911 3906 1064 3972 Nipperdey
1083 3907 1111 3971 ej.
1135 3922 1156 3956 c.
1176 3905 1210 3959 89
1230 3912 1252 3955 et
1270 3905 1322 3955 Ill.
1342 3903 1385 3955 22.
1406 3933 1438 3940 -

316 3994 358 4048 23.
387 4004 514 4047 mutatum
544 3996 557 4045 b
581 3994 740 4065 remutalu'r
764 3995 787 4046 F
812 3998 836 4063 (r
861 3995 943 4045 deleta
967 3995 1011 4060 cat)
1036 3996 1203 4045 immutatum
1227 3993 1307 4061 Nipp.
1337 4022 1370 4030 —
1396 3991 1438 4044 25.

316 4083 444 4135 Cremona
462 4085 492 4136 F.
513 4115 546 4123 -
566 4083 609 4137 27.
629 4085 709 4151 patui.
730 4114 763 4121 -
779 4084 921 4150 proditioni
930 4084 1012 4135 Rieu.
1024 4083 1177 4149 proditionis
1187 4083 1216 4134 F.
1237 4080 1323 4134 -28.
1344 4082 1440 4132 Bassus

315 4173 398 4223 Rhea.
419 4175 448 4239 cf.
467 4174 519 4224 lII.
542 4172 588 4238 12,
608 4173 657 4225 IV.
678 4168 694 4226 3
713 4172 792 4243 bless3
812 4173 842 4223 F.
