3409 4909
329 489 368 549 84
571 544 575 556 ,
756 506 897 549 senuaar
918 506 1029 549 racrrr
1298 495 1331 555 (a.
1352 509 1376 543 u.
1397 492 1450 545 8‘2‘2

275 675 311 735 61
369 674 457 735 Inter
491 694 682 751 magnorum
714 673 858 735 virorum
890 672 1076 734 discrimina
1108 674 1313 753 (pudendum
1345 676 1450 754 dictu)

328 774 486 834 Mariccus
514 772 665 852 quidam,
694 792 711 833 e
738 771 832 851 plebe
854 772 1024 849 Boiorum,
1053 771 1191 833 inserere
1212 791 1279 833 sese
1301 772 1451 834 fortunae

328 876 359 932 et
380 889 553 949 provocare
575 890 664 931 arma
686 870 833 931 Romana
854 869 1061 930 simulatione
1082 870 1256 930 numinum
1279 889 1376 930 ausus
1391 876 1450 931 est.

328 968 464 1047 lamque
491 967 634 1028 adsertor
663 968 843 1028 Galliarum
869 972 900 1028 et
921 967 1000 1028 deus
1022 970 1113 1046 (nam
1134 968 1166 1027 id
1190 967 1251 1049 sibi
1272 967 1450 1045 indiderat)

328 1067 460 1127 concitis
488 1071 560 1127 octo
588 1066 720 1126 milibus
749 1066 921 1127 hominum
949 1066 1114 1145 proximos
1139 1065 1328 1127 Aeduorum
1349 1086 1486 1145 pag0s5

327 1164 490 1241 trahebat,
519 1184 593 1225 cum
622 1164 812 1241 gravissima
839 1164 953 1225 civitas
983 1164 1083 1224 electa
1104 1164 1286 1240 iuventute,
1316 1163 1450 1224 adiectis

327 1283 346 1322 a
367 1262 499 1323 Vitellio
520 1262 722 1338 cohortibus,
745 1262 920 1323 fanaticam
943 1261 1189 1322 multitudinem
1211 1260 1344 1322 disiecit.
1368 1262 1451 1341 Cap-

257 1351 260 1359 ’
327 1365 380 1420 tus
407 1360 442 1420 in
470 1380 507 1422 eo
534 1359 656 1439 proelio
685 1360 844 1420 Mariccus
866 1379 902 1420 ac
924 1378 1002 1419 mox
1023 1358 1097 1419 feris
1119 1358 1263 1419 obiectus
1285 1359 1451 1438 quianon

326 1458 526 1536 laniabatur,
562 1456 717 1519 stolidum
749 1457 863 1534 volgus
894 1456 1117 1517 inviolabilem
1149 1455 1314 1534 credebat,
1346 1457 1451 1518 donec

327 1562 492 1637 spectante
513 1556 645 1617 Vitellio
667 1556 854 1616 interfectus
876 1560 932 1616 est.
1471 1577 1504 1630 10

273 1655 313 1715 62
367 1656 432 1716 Nec
453 1654 539 1714 ultra
559 1654 595 1714 in
609 1653 784 1714 defectores
799 1658 857 1713 aut
870 1652 956 1713 bona
971 1653 1164 1732 cuiusquam
1180 1654 1356 1714 saevitum:
1379 1658 1450 1714 rata

327 1753 415 1813 fuere
446 1771 573 1828 eorum,
606 1752 662 1830 qui
694 1750 761 1811 acie
793 1750 979 1812 Othoniana
1009 1751 1205 1828 ceciderant,
1237 1756 1449 1829 testamenta,

327 1855 384 1911 aut
405 1850 458 1910 lex
478 1849 648 1910 intestatis
671 1850 804 1910 Prorsus
826 1848 853 1909 si
875 1848 1023 1909 luxuriae
1045 1854 1254 1928 temperaret,
1277 1850 1449 1910 avaritiam

327 1968 392 2009 non
413 1949 552 2008 timeres.
575 1947 755 2026 Epularum
777 1945 871 2008 foeda
893 1951 924 2007 et
944 1946 1150 2026 inexplebilis
1171 1945 1288 2007 libido:
1311 1966 1352 2007 ex
1369 1946 1450 2007 urbe

327 2051 423 2125 atque
452 2045 548 2106 Italia
568 2045 777 2105 inritamenta
796 2044 890 2127 gulae
911 2044 1135 2122 gestabantur,
1165 2044 1385 2123 strepentibus
1408 2045 1502 2117 ab15

326 2149 464 2223 utroque
492 2143 574 2203 mari
601 2143 785 2220 itineribus3
815 2143 969 2203 exhausti
991 2142 1214 2204 conviviorum
1237 2142 1449 2222 apparatibus

326 2242 487 2321 principes
509 2240 694 2317 civitatum,
717 2241 930 2302 vastabantur
947 2241 1035 2319 ipsae
1050 2240 1212 2317 civitates3
1235 2238 1451 2316 degenerabat

301 2339 303 2343 ’
327 2360 346 2400 a
373 2338 482 2400 labore
510 2358 546 2399 ac
574 2339 694 2400 virtute
721 2338 815 2399 miles
843 2337 1058 2399 adsuetudine
1086 2337 1295 2417 voluptatum
1322 2342 1355 2398 et
1376 2357 1450 2398 con-

326 2442 453 2516 temptu
475 2435 574 2522 ducis.
602 2436 772 2497 Praemisit
792 2436 826 2496 in
847 2436 961 2497 urbem
983 2434 1142 2512 edictum,
1165 2454 1229 2515 quo
1251 2434 1449 2496 vocabulum

327 2534 466 2609 Augusti
493 2534 649 2611 differret,
679 2533 823 2595 Caesaris
845 2553 911 2595 non
932 2534 1102 2612 reciperet,
1131 2551 1207 2594 cum
1229 2532 1269 2594 de
1289 2537 1449 2612 potestate
1467 2552 1501 2606 20

326 2632 410 2693 nihil
437 2632 627 2701 detraheret.
656 2632 745 2693 Pulsi
774 2631 871 2693 ltalia
899 2632 1137 2709 mathematici;
1166 2637 1299 2693 cautum
1326 2651 1448 2709 severe,

326 2751 367 2793 ne
395 2731 518 2810 equites
547 2729 685 2791 Romani
709 2729 788 2791 ludo
810 2734 841 2790 et
863 2730 984 2790 harena
1005 2728 1241 2808 polluerentur:
1271 2730 1394 2809 priores
1415 2729 1449 2790 id

326 2829 487 2909 principes
518 2828 656 2907 pecunia
687 2833 719 2888 et
749 2828 878 2906 saepius
906 2827 940 2889 vi
970 2826 1195 2905 perpulerant,
1229 2846 1266 2886 ao
1294 2825 1449 2906 pleraque

326 2925 505 3004 municipia
519 2929 551 2985 et
560 2921 710 2986 'coloniae
725 2924 974 2985 aemulabantur
988 2918 1270 3002 corruptissimum
1285 2942 1449 3003 quemque

325 3023 582 3085 adulescentium
602 3023 705 3102 pretio
726 3021 866 3083 inlicere.
1467 3041 1500 3094 25

272 3126 311 3187 63
366 3120 429 3183 Sed
450 3121 601 3182 Vitellius
623 3120 767 3181 adventu
788 3120 896 3180 fratris
918 3124 950 3181 et
971 3120 1193 3199 inrepentibus
1216 3118 1449 3181 dominationis

325 3220 486 3297 magistris
524 3218 692 3298 superbior
717 3205 762 3279 'et
797 3218 935 3279 atrocior
967 3217 1070 3279 occidi
1102 3217 1307 3279 Dolabellam
1338 3218 1447 3295 iussit,

326 3337 424 3398 quem
450 3317 486 3378 in
510 3317 671 3385 coloniam
693 3317 891 3396 Aquinatem
912 3316 1091 3395 sepositum
1113 3316 1154 3377 ab
1176 3315 1304 3377 Othone
1324 3316 1449 3377 rettuli-

219 3423 245 3483 Ι,
267 3422 306 3482 88
325 3434 406 3476 mus.
437 3414 607 3476 Dolabella
635 3413 747 3474 audita
775 3418 877 3475 morte
908 3413 1045 3475 Othonis
1066 3413 1181 3475 urbem
1201 3413 1378 3475 introierat.
1408 3412 1448 3474 ld

326 3514 354 3574 e'i
383 3514 533 3574 Plancius
561 3513 667 3573 Varus
694 3517 846 3591 praetura
872 3512 1019 3590 functus,
1049 3532 1090 3574 ex
1113 3512 1238 3573 intimis
1260 3511 1501 3585 Dolabellae‘go

326 3611 454 3688 amicis,
482 3609 572 3689 apud
593 3609 745 3670 Flavium
766 3608 939 3687 Sabinum,
966 3608 1165 3688 praefectum
1185 3608 1291 3685 urbis,
1314 3608 1448 3684 obiecit,

325 3713 494 3788 tamquam
522 3712 618 3787 rupta
646 3706 794 3768 custodia
815 3706 933 3768 ducem
953 3726 986 3767 se
1008 3707 1102 3768 victis
1123 3706 1270 3786 partibus
1292 3710 1449 3767 ostentas·

361 3970 386 4021 4.
411 3987 472 4020 nam
491 3970 514 4021 F
532 3987 627 4021 nomen
646 3970 790 4021 Beroaldus
809 3970 885 4037 (nam
904 3988 932 4021 ea
950 3970 1013 4023 noffi
1031 3970 1094 4021 oriri
1108 3970 1212 4037 potuit).
1238 3999 1271 4007 -
1291 3970 1315 4023 6.
1341 3941 1449 4039 <Augu-

325 4058 448 4128 stadum>
468 4066 526 4110 aaa
544 4057 634 4110 ciuitas
652 4060 759 4110 inseruit
777 4059 869 4110 astar.
890 4088 922 4097 -
944 4060 984 4111 11.
1004 4059 1144 4111 defectores
1162 4059 1184 4110 F
1200 4076 1249 4126 pro
1263 4076 1312 4125 qao
1326 4057 1448 4109 uocabulo

325 4199 406 4267 Nipp.
428 4200 487 4267 lecit
505 4200 594 4252 uitam.
614 4230 648 4237 —
666 4199 709 4251 22.
728 4200 828 4251 harena
845 4201 876 4252 F.
897 4230 930 4238 -
949 4199 992 4253 23.
1012 4165 1161 4266 perpulerit
1179 4200 1202 4251 F
1221 4205 1341 4265 querique
1359 4197 1403 4251 Fl.
