3409 4909
308 480 335 530 p.
354 462 404 514 ch.
424 462 468 530 70)
644 479 872 523 nrsronranun
893 462 949 523 IV.
972 462 1100 524 58-62.
1375 464 1432 526 195

307 648 483 729 pecuniam
521 648 648 711 calones
685 650 826 710 sarcinas
865 653 1061 711 retentarent
1098 654 1195 728 atque
1226 649 1314 728 ipsos
1345 650 1431 713 leves

308 744 465 808 abeuntes
495 752 773 827 prosequerentur.
804 734 858 808 Ad
887 748 1040 827 quintum
1067 747 1133 808 fere
1161 747 1304 826 lapidem
1331 748 1432 810 coorti

308 844 465 906 Germani
485 844 653 905 incautum
675 864 791 922 agmen
805 844 1051 922 adgrediuntur:
1073 845 1331 925 pugnacissimus
1346 846 1432 925 quis·

307 960 373 1023 que
397 941 433 1002 in
461 942 611 1020 vestigio,
639 942 736 1005 multi
763 943 910 1023 palantes
939 944 1132 1021 occubuere,
1161 944 1257 1004 ceteri
1285 948 1369 1005 retro
1397 944 1432 1005 in

272 1046 414 1108 acastre
441 1040 643 1119 perfugiunt,
671 1047 825 1121 querente
852 1060 930 1102 sane
958 1041 1061 1104 Civile
1089 1046 1122 1102 et
1147 1041 1334 1121 increpante
1356 1043 1431 1103 Ger·

307 1157 440 1215 manos,
468 1142 636 1218 tamquam
662 1138 760 1200 fidem
787 1158 844 1217 per
872 1138 976 1200 scelus
1004 1139 1243 1218 abrumperent.
1272 1140 1432 1202 Simulata

308 1255 345 1297 ea
373 1236 510 1315 fuerint,
538 1256 580 1297 an
607 1238 742 1298 retinere
770 1238 949 1299 saevientes
973 1237 1172 1317 nequiverit,
1202 1258 1317 1317 parurn
1338 1239 1431 1299 adfir-

307 1339 427 1396 matur.
449 1335 590 1414 Direptis
605 1335 717 1396 castris
730 1335 815 1396 faces
830 1335 984 1412 iniciunt;
1007 1340 1219 1415 cunctosque,
1237 1337 1294 1415 qui
1309 1337 1430 1416 proelio

308 1432 549 1513 superfuerant,
571 1432 759 1494 incendium
780 1433 899 1495 hausit.

263 1544 292 1599 10
347 1530 463 1591 civilis
490 1531 625 1593 barbaro
653 1536 729 1593 voto
750 1536 824 1610 post
844 1536 958 1611 coepta
980 1532 1133 1593 adversus
1155 1532 1318 1593 Romanos
1341 1552 1430 1593 arma
1444 1533 1482 1594 61

307 1647 489 1707 propexum
516 1629 750 1709 rutilatumque
772 1629 893 1689 crinem
915 1634 1043 1708 patrata
1064 1629 1197 1690 demum
1218 1630 1314 1691 caede
1335 1630 1430 1708 legio·

307 1745 388 1787 num
410 1726 574 1806 deposuit;
597 1727 805 1789 atterebatur
820 1727 957 1806 parvulo
972 1728 1039 1789 filio
1054 1729 1212 1808 quosdam
1227 1730 1429 1809 captivorum

309 1824 433 1901 sagittis
470 1824 648 1904 iaculisque
685 1825 863 1905 puerilibus
898 1825 1041 1903 figendos
1072 1826 1236 1887 obtulisse.
1278 1827 1429 1888 Ceterum

309 1941 413 2002 neque
444 1942 476 1984 se
507 1943 611 2003 neque
642 1943 842 2003 quemquam
873 1924 1033 1986 Batavum
1061 1924 1096 1984 in
1124 1924 1222 1985 verba
1249 1924 1429 1987 Galliarum

259 2009 299 2108 ξιι
311 2020 431 2098 adegit,
453 2021 530 2083 fisus
552 2022 788 2083 Germanorum
809 2022 926 2101 opibus
947 2027 994 2099 et,
1016 2022 1044 2082 si
1064 2022 1254 2083 certandum
1275 2023 1429 2085 adversus

259 2111 263 2130 ”
313 2116 419 2179 Gallos
447 2119 487 2180 de
515 2121 713 2199 possessione
741 2139 848 2181 rerum
874 2119 971 2198 foret,
1000 2119 1131 2180 inclitus
1153 2120 1240 2180 fama
1262 2126 1294 2181 et
1314 2121 1428 2199 potior.

259 2227 271 2306 ξ
314 2212 441 2277 Munius
462 2217 640 2296 Lupercus,
662 2217 786 2295 legatus
806 2217 956 2295 legionis,
978 2218 1062 2278 inter
1082 2217 1168 2278 dona
1185 2218 1302 2279 missus
1318 2218 1430 2279 Veloc-

270 2349 274 2396 3
318 2311 376 2373 dae.
408 2315 457 2375 Ea
487 2314 576 2393 virgo
607 2316 747 2376 nationis
775 2316 947 2376 Bructerae
974 2315 1040 2377 late
1067 2315 1290 2395 imperitabat,
1323 2321 1429 2377 vetere

321 2412 396 2489 apud
418 2412 596 2474 Germanos
616 2432 721 2491 more,
744 2432 808 2492 quo
830 2414 999 2493 plerasque
1021 2414 1217 2475 feminarum
1235 2414 1382 2476 fatidicas
1397 2421 1429 2476 et

323 2515 496 2585 augescente
523 2511 751 2590 superstitione
779 2511 976 2572 arbitrantur
1004 2512 1096 2589 deas,
1124 2516 1267 2591 tuncque
1290 2512 1429 2573 Veledae

325 2608 481 2669 auctoritas
503 2608 659 2669 adolevit:
681 2627 759 2669 narn
780 2627 949 2688 prosperas
971 2609 1140 2670 Germanis
1155 2628 1204 2669 res
1219 2615 1252 2670 et
1265 2609 1429 2671 excidium

325 2696 471 2778 legionum
502 2706 714 2783 praedixerat.
746 2705 808 2766 Sed
836 2706 1001 2785 Lupercus
1029 2708 1063 2767 in
1091 2707 1205 2767 itinere
1233 2707 1428 2768 interfectus.

327 2793 407 2862 Pauci
439 2803 666 2864 centurionum
696 2803 967 2883 tribunorumque
998 2805 1032 2864 in
1065 2804 1171 2864 Gallia
1202 2804 1301 2881 geniti
1333 2824 1429 2866 reser-

290 2979 293 2984 .
328 2904 426 2961 vantur
446 2902 563 2980 pignus
584 2901 738 2963 societati.
761 2901 953 2963 Cohortium
975 2902 1100 2963 alarum
1115 2902 1279 2979 legionum
1294 2902 1429 2964 hiberna

328 2993 460 3061 subversa
486 3003 707 3079 cremataque,
735 2999 775 3060 iis
802 3003 931 3059 tanturn
960 2999 1095 3076 relictis,
1124 3018 1208 3078 quae
1234 2999 1429 3076 Mogontiaci

328 3104 356 3149 at
375 3096 584 3159 Vindonissae
612 3098 674 3158 sita
702 3096 786 3159 sunt.
816 3097 912 3174 Legio
941 3102 1032 3157 sexta
1054 3096 1179 3158 decima
1201 3116 1275 3157 curn
1298 3097 1428 3158 auxiliis
1443 3106 1482 3165 62

329 3184 406 3253 simul
425 3195 543 3256 deditis
565 3216 583 3256 a
604 3196 763 3256 Novaesio
785 3196 819 3255 in
841 3195 1001 3256 coloniam
1023 3195 1235 3255 Treverorum
1250 3194 1429 3271 transgredi

329 3278 449 3371 iubetur,
472 3293 642 3373 praefinita
655 3292 721 3370 die,
743 3293 828 3354 intra
843 3312 941 3370 quam
957 3292 1069 3352 castris
1084 3291 1259 3352 excederet.
1282 3291 1427 3352 Medium

259 3412 264 3450 :
330 3395 404 3449 0mne
429 3396 558 3470 tempus
586 3411 643 3470 per
666 3392 772 3452 varias
794 3409 887 3451 curas
908 3409 1012 3467 egere,
1041 3390 1270 3466 ignavissimus
1292 3390 1428 3468 quisque

259 3512 266 3549 ³.
331 3492 470 3549 ltresorum
493 3488 581 3568 apud
602 3490 719 3549 Vetera
740 3488 890 3567 exemplo
905 3492 1075 3567 perventae,
1097 3487 1211 3547 melior
1224 3506 1298 3566 pars
1313 3487 1428 3547 rubore

332 3580 355 3635 el
378 3583 513 3647 infamia.
548 3586 642 3659 Quale
672 3586 753 3647 illud
784 3585 864 3646 iter?
895 3586 961 3664 quia
992 3585 1053 3644 dua
1083 3584 1172 3644 oisc?
1203 3593 1230 3644 ct
1261 3584 1363 3643 omnia
1393 3583 1429 3642 in

332 3674 432 3745 arberto
469 3705 585 3763 corum,
624 3704 695 3763 quos
731 3684 811 3744 vitae
847 3684 982 3761 accisque
1013 3682 1148 3742 dominos
1174 3682 1322 3758 fecissent.
1362 3680 1428 3740 Alii

259 3885 266 3892 r
334 3855 465 3884 g

259 3977 262 3983 ’
337 4070 344 4080 .
360 3992 378 4043 1.
393 4002 457 4068 aqu
476 4003 506 4053 r.
529 4032 560 4040 -
580 4000 605 4053 2.
624 4003 679 4053 rere
697 4002 719 4053 a
737 4003 817 4053 ferme
840 4001 969 4066 uacuare.
991 4029 1022 4036 -
1042 3999 1123 4049 coorti
1142 3996 1373 4049 nemausam.
1395 4026 1427 4033 -

263 4116 272 4126 ι
336 4083 353 4122 ⁰·
372 4081 519 4157 increpantes
537 4091 568 4142 F.
599 4121 631 4129 —
652 4092 676 4142 7.
700 4090 777 4141 luerit
796 4091 826 4140 F.
854 4119 887 4127 -
910 4090 949 4141 13.
972 4088 1108 4154 ungendos
1127 4087 1157 4138 F.
1183 4117 1215 4125 —
1235 4086 1278 4140 20.
1304 4086 1428 4136 arbitren-

336 4163 366 4213 (Ἢ
380 4172 403 4226 F·
420 4208 450 4217 —
468 4185 563 4245 timeq;
583 4180 612 4231 F.
633 4209 664 4217 -
685 4178 727 4230 24.
748 4179 869 4230 societate
888 4177 929 4229 Fl.
