3409 4909
272 460 303 510 p.
323 444 371 495 C-h.
391 425 436 510 69)
611 462 839 504 insroamnurr
861 444 922 505 III.
946 444 1072 507 13-17.
1343 447 1418 507 115>

277 629 449 690 victoriam
480 631 701 709 praecepisset.
734 630 892 692 Universo
925 651 1000 692 cum
1031 631 1174 693 exercitu
1205 632 1355 693 secundis
1383 653 1404 693 a

277 728 408 789 Verona
436 728 547 789 castris
576 729 768 789 Bedriacum
797 730 894 790 venit.
923 731 1054 790 Postero
1080 730 1132 790 die
1159 730 1338 808 legionibus
1360 730 1402 791 ad

276 825 495 887 muniendum
526 827 673 904 retentis,
706 827 880 887 auxiliares
913 828 1059 888 cohortes
1090 828 1124 887 in
1153 828 1402 890 Cremonensem

277 943 391 1001 agrum
413 925 546 1003 missae,
569 930 606 986 ut
627 926 731 1004 specie
752 926 971 1005 parandarum
993 927 1159 1005 copiarum
1181 926 1270 987 civili
1283 926 1403 1006 praeda

278 1022 371 1082 miles
403 1022 606 1083 inhaeretur:
637 1024 706 1102 ipse
738 1043 813 1084 cum
842 1029 996 1102 quattuor
1025 1024 1157 1085 milibus
1186 1025 1333 1103 equitum
1361 1023 1403 1085 ad

278 1127 431 1182 octavum
453 1142 472 1181 a
494 1121 646 1182 Bedriaco
668 1141 870 1201 progressus,
895 1141 959 1201 quo
980 1122 1131 1183 licentius
1152 1122 1401 1201 popularentur3

279 1218 514 1297 exploratores,
535 1225 573 1280 ut
593 1239 664 1280 mos
685 1225 748 1295 est,
770 1220 898 1297 longius
920 1220 1100 1281 cursabant.

318 1316 442 1387 Quinta
469 1316 568 1377 ferme
596 1317 676 1377 hora
704 1316 768 1377 diei
797 1322 880 1389 erat,
908 1336 983 1377 cum
1005 1318 1087 1378 citus
1109 1336 1205 1396 eques
1227 1317 1401 1378 adventare
1417 1321 1459 1381 16

282 1413 403 1491 hostes,
431 1415 597 1493 praegredi
627 1435 762 1494 paucos,
791 1420 917 1476 motum
946 1416 1176 1494 fremitumque
1203 1415 1268 1476 late
1296 1415 1402 1475 audiri

259 1512 452 1573 luuntiavit.
492 1513 579 1573 Dum
611 1514 789 1591 Antonine,
822 1514 981 1592 quidnam
1013 1514 1190 1591 agendum,
1222 1512 1400 1590 consultat,

288 1608 435 1670 ariditate
462 1610 631 1671 navandae
657 1631 771 1689 operae
788 1612 906 1671 Arrius
928 1612 1032 1672 Varus
1055 1631 1129 1671 cum
1151 1611 1401 1690 promptissimis

289 1707 427 1785 equitum
448 1709 611 1787 prorupit,
633 1701 818 1788 inpulitque
840 1709 1033 1771 Vitellianos
1047 1708 1176 1770 modica
1190 1708 1302 1770 caede:
1325 1728 1402 1768 nam

291 1802 424 1880 plurium
459 1805 597 1867 adcursu
628 1826 720 1867 versa
748 1805 894 1884 fortuna,
930 1813 961 1868 et
988 1807 1163 1867 acerrimus
1191 1807 1328 1886 quisque
1356 1824 1402 1866 se-

294 1904 450 1978 quentium
465 1904 558 1981 fugae
572 1905 707 1966 ultimus
723 1910 799 1966 erat.
818 1906 884 1966 Nec
899 1911 1013 1984 sponte
1027 1905 1162 1966 Antonii
1177 1910 1402 1984 properatum,

259 2005 283 2057 u
296 2003 319 2059 et
335 2000 413 2079 fore,
443 2023 525 2081 quae
547 2003 744 2081 acciderant,
766 2003 905 2064 rebatur.
934 2003 1092 2064 Hortatus
1115 2022 1205 2081 suos,
1227 2008 1265 2063 ut
1285 2021 1402 2080 magno

298 2098 388 2161 animo
410 2107 611 2180 capesserent
628 2121 788 2181 pugnam,
810 2101 951 2162 diductis
966 2102 1000 2161 in
1015 2102 1115 2162 latera
1129 2102 1246 2162 turmis
1261 2120 1402 2162 vacuum

299 2196 386 2259 medio
414 2199 569 2279 relinquit
595 2200 671 2277 iter,
701 2220 765 2278 quo
786 2200 911 2260 Varum
933 2200 1121 2278 equitesque
1143 2200 1211 2260 eius
1232 2200 1401 2278 reciperet;

300 2290 384 2357 iussae
412 2298 530 2357 armari
559 2298 698 2375 legiones
706 2318 714 2374 3
743 2297 858 2358 datum
886 2317 943 2376 per
968 2316 1060 2374 agros
1081 2297 1226 2374 signum,
1254 2301 1307 2374 ut,
1337 2316 1403 2375 qua

302 2390 395 2471 cuique
416 2395 617 2473 proximum,
638 2396 758 2456 omissa
778 2396 898 2475 praeda
915 2395 1037 2474 proelio
1052 2401 1238 2456 occurreret.
1260 2394 1402 2455 Pauidus

269 2481 408 2551 ltinterim
435 2492 540 2552 Varus
568 2493 681 2553 turbae
709 2512 842 2554 suorum
865 2493 1032 2570 miscetur,
1060 2494 1237 2572 intulitque
1259 2492 1401 2554 formidi-

304 2597 371 2647 nem:
398 2589 484 2668 pulsi
513 2609 588 2650 cum
616 2591 732 2651 sauciis
760 2591 876 2668 integri
904 2597 1031 2652 suomet
1056 2592 1119 2670 ipsi
1139 2595 1229 2652 metu
1250 2596 1282 2651 et
1303 2611 1402 2668 angu-

305 2680 355 2743 stiis
387 2688 514 2749 viarum
551 2688 828 2749 conflictabantur.
866 2688 1003 2749 Nullum
1034 2689 1069 2748 in
1100 2688 1158 2749 illa
1187 2688 1401 2768 trepidatione
1418 2692 1454 2756 17

306 2775 441 2846 Antonius
479 2787 656 2847 constantis
694 2786 785 2847 ducis
823 2791 881 2847 aut
915 2786 1082 2847 fortissimi
1113 2785 1227 2847 militis
1258 2786 1401 2847 officium

307 2879 404 2943 omisit:
426 2903 591 2945 occursare
605 2885 815 2963 paventibuS,
837 2884 974 2945 retinere
990 2884 1154 2961 cedenteS,
1170 2884 1227 2945 ubi
1241 2884 1402 2964 plurimus

308 2965 387 3058 lflbor,
415 2981 501 3043 unde
523 2981 632 3061 aliqua
653 3001 742 3061 spes,
765 2981 899 3043 consilio
920 3001 1023 3042 manu
1045 3002 1123 3044 voce
1144 2982 1278 3059 insignis
1299 2981 1400 3058 hosti,

277 3121 281 3132 .
309 3079 473 3157 conspicuus
513 3080 587 3141 suis.
626 3082 673 3142 Eo
711 3085 874 3160 postremo
906 3080 1029 3141 ardoris
1061 3086 1232 3160 provectus
1263 3085 1326 3157 est,
1365 3085 1402 3140 ut

309 3174 486 3238 vexillarium
517 3178 694 3255 fugientem
726 3178 819 3239 hasta
845 3178 1118 3239 transverberaret
1125 3199 1133 3255 ;
1165 3198 1243 3238 mox
1270 3182 1402 3257 raptum

310 3271 439 3335 vexillum
466 3275 502 3336 in
528 3275 655 3337 hostem
683 3276 787 3337 vertit.
821 3277 893 3347 Quo
919 3275 1041 3356 pudore
1063 3276 1152 3335 haud
1173 3275 1281 3355 plures
1302 3295 1402 3354 quam

312 3372 412 3433 cerrum
442 3374 565 3453 equites
596 3374 748 3435 restitere.
784 3375 874 3435 Iuvit
904 3375 1009 3451 locus,
1042 3375 1158 3434 artiore
1189 3374 1256 3434 illic
1288 3374 1340 3434 via
1371 3379 1403 3433 et

313 3453 385 3528 fracto
404 3471 616 3532 interfluentis
637 3472 698 3533 rivi
719 3477 833 3550 ponte,
861 3472 917 3551 qui
939 3472 1060 3532 incerto
1082 3471 1174 3532 alveo
1196 3476 1227 3532 et
1248 3471 1402 3549 praecipi-

314 3552 376 3622 tibus
407 3569 483 3648 ripis
521 3550 631 3645 fugam
662 3568 876 3648 impediebat:
914 3589 951 3629 ea
981 3569 1154 3629 necessitas
1185 3588 1241 3630 seu
1271 3568 1402 3629 fortuna

315 3645 393 3731 lapsas
410 3666 473 3727 iam
495 3671 602 3745 partes
623 3667 772 3728 restituit.
795 3667 931 3727 Firmati
952 3667 1035 3727 inter
1056 3686 1089 3727 se
1111 3666 1219 3727 densis
1233 3666 1401 3727 ordinibus

318 3791 440 3820 X

342 3884 532 3951 illicerentur
551 3900 581 3950 F.
603 3930 635 3936 -
655 3901 678 3951 7.
698 3900 836 3951 cursabant
855 3899 946 3950 Haase
962 3900 1087 3951 curabant
1102 3902 1132 3952 F.
1153 3901 1243 3951 -14,
1263 3901 1401 3952 ultimusF

320 3969 388 4065 lirinus
402 3984 499 4039 Emesti
517 3988 665 4040 celerrimus
683 3988 763 4055 Nipp.
783 3989 920 4040 citissimus
939 3988 1021 4040 Halm
1040 3989 1212 4040 uelocissimos
1233 3988 1347 4040 Schenkl.
1368 4020 1401 4027 -

318 4052 347 4155 ⁸¹⁰·
361 4069 489 4128 assiderunt
499 4078 613 4145 Mcdvip.
632 4107 664 4115 ——
678 4078 717 4131 19.
738 4079 831 4129 amissa
840 4079 863 4129 F
865 4076 883 4128 1.
904 4108 937 4116 —
948 4077 990 4129 21.
1010 4078 1114 4143 integrr'r
1123 4077 1165 4129 Fl.
1187 4108 1220 4115 -
1230 4083 1278 4129 sun
1288 4086 1314 4129 et
1323 4078 1353 4129 F.
1366 4108 1401 4115 -

318 4136 506 4217 24'⁰⁰0t1rsalll.
528 4198 560 4205 -
580 4166 622 4219 25.
643 4167 730 4233 aliquo
748 4168 778 4218 F.
800 4197 833 4203 —
852 4166 894 4220 29.
914 4168 1031 4218 resistere
1051 4167 1074 4217 F
1092 4170 1121 4232 cs.
1144 4165 1247 4219 12218.

1263 4255 1294 4308 8*
