3409 4909
287 451 326 512 56
712 465 853 509 connati
875 464 988 508 racrrr
1258 449 1294 512 (a.
1316 445 1346 500 a·
1361 445 1411 500 822

288 636 523 715 Mucianusque
550 654 670 714 nuper,
702 634 798 696 ceteri
826 633 906 695 olim
934 633 1046 695 mixtis
1074 631 1234 709 consiliis;
1267 631 1412 712 optimus

288 736 424 815 quisque
462 754 570 796 amore
608 734 654 796 rei
688 733 853 813 publicae:
892 733 1014 795 multos
1045 732 1184 794 dulcedo
1214 730 1411 811 praedarum

288 832 492 910 stimulabat,
532 831 612 893 ahos
650 831 820 909 ambiguae
855 830 945 893 domi
976 850 1034 892 res.
1073 831 1125 891 Ita
1155 830 1234 891 boni
1264 828 1412 909 malique

288 932 393 993 causis
414 930 564 1007 diversis,
586 930 695 992 studio
716 930 786 1009 pari
806 928 932 991 bellum
952 948 1065 990 omnes
1086 927 1270 1008 cupiebant

255 1029 274 1090 8
328 1028 395 1090 Sub
431 1028 518 1089 idem
555 1032 685 1107 tempus
716 1027 840 1089 Achaia
871 1021 980 1107 atque'
999 1027 1079 1088 Asia
1109 1025 1190 1087 falso
1222 1025 1444 1100 exterritae,5

288 1127 378 1188 velut
398 1126 482 1188 Nero
503 1125 707 1202 adventaret,
729 1126 818 1187 vario
839 1144 936 1205 super
953 1125 1043 1185 exitu
1058 1123 1127 1185 eius
1141 1115 1287 1202 rumore,
1311 1142 1412 1204 eoque

287 1224 435 1303 pluribus
463 1224 570 1286 vivere
597 1244 672 1285 eum
697 1223 893 1301 fingentibus
914 1222 1192 1303 credentibusque.
1222 1222 1419 1306 Ceterorum,

288 1341 380 1383 casus
402 1326 600 1401 conatusque
621 1322 655 1382 in
677 1326 832 1383 contextu
852 1321 958 1401 operis
980 1320 1141 1382 dicemus:
1163 1325 1243 1382 tunc
1265 1338 1412 1382 servuse

288 1420 390 1481 Ponto
418 1421 502 1498 sive,
531 1424 568 1480 ut
589 1419 645 1481 alii
667 1418 842 1497 tradidere,
871 1418 1042 1480 libertinus
1062 1439 1104 1481 ex
1124 1419 1237 1496 Italia,
1266 1418 1412 1479 citharae

288 1523 320 1579 et
340 1523 454 1580 cantus
475 1518 611 1598 peritus,
632 1517 719 1579 unde
739 1517 789 1578 illi
810 1537 908 1597 super
930 1517 1178 1579 similitudinem
1199 1517 1263 1578 oris
1280 1518 1413 1598 propior
1430 1520 1449 1576 n

288 1616 329 1676 ad
366 1616 546 1678 fallendum
583 1616 678 1695 fides,
717 1616 879 1678 adiunctis
916 1615 1165 1701 desertoribus,
1186 1634 1268 1696 quos
1302 1615 1413 1695 inopia

288 1733 385 1791 vagos
412 1714 597 1792 ingentibus
621 1714 788 1793 promissis
809 1719 1010 1794 corruperat,
1039 1733 1127 1774 mare
1148 1712 1347 1791 ingreditur;
1375 1731 1412 1774 ac

288 1814 320 1874 vi
359 1816 589 1892 tempestatum
628 1810 795 1891 Cythnum
832 1812 976 1872 insulam
1014 1810 1163 1872 detrusus
1202 1815 1235 1871 et
1265 1811 1411 1872 militum

288 1910 446 1990 quosdam
477 1929 518 1970 ex
546 1909 676 1971 Oriente
703 1910 958 1971 commeantium
986 1907 1124 1971 adscivit
1151 1908 1203 1970 vel
1231 1908 1411 1978 abnuentes

287 2008 423 2069 interfici
464 2009 574 2086 iussit,
616 2012 648 2069 et
688 2007 834 2087 spoliatis
876 2007 1129 2085 negotiatoribus
1171 2008 1408 2087 mancipiorum
1425 2008 1449 2061 lt

288 2105 548 2168 valentissimum
565 2126 727 2186 quemque
742 2107 890 2168 armavit.
913 2106 1207 2185 Centurionemque
1221 2105 1407 2181 Sisennam,

288 2203 434 2281 dextras,
466 2203 655 2265 concordiae
682 2204 837 2282 insignia,
870 2203 993 2283 Syriaci
1020 2204 1180 2265 exercitus
1208 2204 1344 2265 nomine
1370 2201 1406 2263 ad
1433 2201 1436 2210 '

288 2302 506 2381 praetorianos
534 2302 704 2380 ferentem,
736 2302 833 2364 variis
862 2301 986 2363 artibus
1014 2301 1183 2379 adgressus
1210 2306 1276 2378 est,
1311 2301 1406 2363 donec

288 2399 423 2460 Sisenna
450 2400 534 2461 clam
561 2399 674 2461 relicta
701 2400 809 2460 insula
836 2399 982 2479 trepidus
1007 2406 1040 2461 et
1060 2399 1128 2462 vim
1149 2404 1300 2461 metuens
1322 2399 1404 2460 aufu-

288 2502 382 2576 geret.
404 2497 486 2560 Inde
506 2498 570 2559 late
591 2504 693 2559 terror
699 2519 707 2576 3
729 2497 826 2559 multi
846 2498 889 2558 ad
910 2498 1130 2560 celebritatem
1150 2498 1294 2559 nominis
1316 2493 1440 2559 erectilt

288 2617 396 2658 rerum
423 2615 582 2657 novarum
610 2595 761 2675 cupidine
789 2600 822 2657 et
848 2595 923 2659 odio
951 2597 1182 2675 praesentium·
1212 2596 1402 2657 Gliscentem

255 2695 322 2758 ein
343 2693 411 2755 dies
433 2694 555 2755 lamam
576 2694 640 2755 fors
661 2693 820 2755 discussit.
844 2694 1007 2755 Galatiam
1028 2715 1065 2756 ac
1087 2694 1319 2774 Pamphyliam
1341 2711 1403 2773 pro

288 2792 411 2853 vincias
449 2791 625 2871 Calpurnio
664 2792 836 2871 Asprenati
874 2791 1028 2869 regendas
1066 2791 1171 2853 Galba
1204 2792 1402 2871 permiserat:

289 2889 382 2951 datae
410 2909 427 2951 e
455 2890 555 2951 classe
583 2890 758 2951 Misenensi
786 2890 870 2951 duae
896 2890 1041 2951 triremes
1067 2888 1110 2949 ad
1130 2888 1402 2969 prosequendum,

289 3007 364 3048 cum
399 2988 517 3067 quibus
548 2988 715 3068 Cythnum
746 2987 889 3049 insulam
919 2988 1025 3048 tenuit
1031 3008 1039 3066 ;
1077 3006 1137 3049 nec
1168 2986 1316 3063 defuere,
1354 2984 1404 3066 qui
1417 2981 1443 3037 2⁵

288 3086 479 3147 trierarchos
507 3086 638 3147 nornine
662 3086 797 3147 Neronis
818 3086 967 3148 accirent.
995 3086 1029 3147 Is
1049 3085 1084 3146 in
1105 3084 1305 3146 maestitiam
1326 3103 1405 3146 com·

289 3183 414 3263 positus
445 3188 477 3245 et
507 3182 605 3245 fidem
637 3203 770 3245 suorum
801 3183 967 3264 quondam
998 3183 1142 3245 militum
1168 3183 1343 3262 invocans,
1372 3186 1408 3244 ut

289 3302 363 3343 eum
400 3282 435 3343 in
472 3281 565 3362 Syria
599 3287 656 3343 aut
689 3283 835 3361 Aegypto
867 3282 1031 3359 sisterent,
1069 3280 1191 3342 orabat.
1230 3280 1408 3343 'lhierarchi

288 3384 456 3457 nutantes,
495 3398 552 3441 seu
589 3378 680 3458 dolo,
718 3379 939 3459 adloquendos
977 3379 1039 3440 sibi
1073 3379 1193 3441 milites
1225 3383 1257 3440 et
1288 3379 1407 3460 paratis

288 3478 435 3539 omnium
458 3478 575 3539 animis
589 3496 771 3539 reversuros
785 3476 1005 3539 firmaverunt.
1027 3475 1090 3538 Sed
1104 3476 1278 3556 Asprenati
1293 3481 1408 3539 cuncta
1423 3473 1449 3530 3⁰

288 3596 329 3637 ex
363 3575 426 3638 fide
456 3576 607 3638 nuntiata
614 3596 622 3653 3
661 3576 753 3637 cuius
784 3574 1006 3637 cohortatione
1037 3579 1222 3654 expugnata
1253 3576 1348 3638 navis
1379 3578 1410 3638 et

287 3673 491 3752 interfectus,
519 3674 666 3754 quisquis
687 3674 742 3735 ille
763 3677 839 3735 erat.
870 3673 1010 3753 Corpus,
1032 3673 1157 3751 insigne
1178 3673 1282 3735 oculis
1306 3693 1408 3736 coma·

326 3901 366 3955 10.
391 3901 536 3969 promptior
559 3902 717 3953 Frcimheim
741 3902 847 3969 pronior
870 3902 963 3952 Hca'na.
989 3932 1023 3941 -
1050 3902 1091 3954 19.
1117 3903 1233 3968 aiugeret
1256 3902 1287 3954 F.
1315 3933 1348 3943 -
1366 3901 1408 3957 20.

288 3991 366 4042 erecti
392 3990 567 4042 Weissenborn
589 3991 680 4042 erectis
704 3991 734 4042 F.
763 4021 797 4029 —
822 3992 865 4043 25.
894 3989 1025 4057 Cythnum
1049 3990 1149 4041 Froben
1176 3991 1290 4042 scithinsr
1318 3992 1348 4044 F.
1376 4021 1408 4030 -

288 4080 330 4133 28.
356 4080 424 4146 syris
449 4078 483 4131 Fl
507 4080 551 4130 sed
571 4087 673 4145 egypto.
700 4110 733 4117 —
752 4079 900 4131 trierarchis
918 4079 941 4130 F
959 4079 1093 4131 trierarchi
1112 4096 1156 4130 seu
1175 4079 1286 4131 Ernesti.
1314 4111 1347 4120 -
1366 4080 1407 4135 30.

288 4169 433 4235 asprenatis
450 4169 480 4220 F.
502 4200 534 4206 —
554 4167 598 4222 32.
618 4169 707 4235 quisq;
726 4169 749 4220 F
769 4199 801 4208 -
821 4186 915 4235 corpus
932 4168 955 4220 F
974 4177 1052 4235 caput
1073 4168 1167 4221 Warrn.
