3409 4909
257 490 285 538 p.
304 472 353 523 Ch.
373 471 420 537 70)
595 488 821 531 nrsroaraauar
843 470 899 530 IV.
921 470 1050 532 47-50.
1324 468 1381 533 187

258 657 405 735 rianum,
438 657 666 719 consobrinum
694 656 763 718 eius
789 675 1023 735 generumque:
1055 676 1155 716 unam
1182 655 1217 715 in
1245 655 1381 715 audacia

258 774 348 835 spem
380 755 510 833 salutis,
539 756 594 816 sed
622 754 687 816 duo
715 755 832 815 itinera
860 754 1018 830 audendi,
1047 772 1103 814 seu
1131 753 1243 814 mallet
1271 753 1381 813 statim

258 872 366 930 arma,
388 872 444 913 seu
468 852 571 931 petita
592 852 730 913 navibus
752 851 858 912 Gallia
880 851 996 911 ducem
1017 870 1050 911 se
1066 850 1248 911 Vitellianis
1264 850 1381 910 exerci-

258 951 347 1011 tibus
362 949 553 1012 ostenderet.
573 950 664 1010 Nihil
678 949 719 1010 ad
734 970 771 1010 ea
786 954 875 1011 moto
890 950 1021 1025 Pisone,
1036 949 1181 1009 centurio
1195 967 1214 1008 a
1229 948 1381 1009 Muciano

221 1050 377 1112 omissus
415 1052 452 1109 ut
486 1054 616 1127 portum
648 1047 851 1125 Carthaginis
884 1047 1005 1124 attigit,
1040 1066 1158 1123 magna
1188 1065 1266 1107 voce
1297 1046 1382 1106 laeta

259 1147 370 1207 Pisoni
390 1147 501 1207 omnia
519 1151 687 1225 tamquam
702 1146 841 1225 principi
857 1146 1061 1220 continuare,
1083 1145 1195 1206 obvios
1210 1150 1242 1206 et
1256 1145 1381 1205 subitae

259 1246 305 1305 rei
326 1244 483 1305 miraculo
504 1244 675 1321 attonitos,
697 1248 734 1304 ut
755 1242 868 1304 eadem
890 1243 1125 1322 adstreperent,
1147 1242 1278 1305 hortari.
1306 1242 1381 1303 Vol·

258 1363 318 1421 gus
332 1343 501 1405 credulum
516 1361 607 1403 ruere
622 1342 655 1402 in
671 1343 777 1403 forum
786 1390 793 1419 ,
815 1342 1032 1420 praesentiam
1047 1341 1173 1401 Pisonis
1194 1359 1379 1419 exposcere:

257 1442 378 1519 gaudio
399 1441 659 1520 clamoribusque
680 1445 796 1501 cuncta
817 1440 1012 1516 miscebant,
1037 1439 1240 1516 indiligentia
1261 1439 1328 1500 veri
1349 1443 1381 1499 et

205 1547 241 1601 10
260 1539 417 1600 adulandi
445 1539 589 1600 libidine.
619 1539 692 1599 Piso
717 1537 838 1599 indicio
867 1537 1007 1613 Sagittae
1031 1536 1084 1597 vel
1104 1537 1202 1596 insita
1222 1535 1380 1597 modestia

257 1657 325 1698 non
352 1637 387 1697 in
412 1636 581 1715 publicum
606 1655 749 1714 egressus
771 1640 819 1696 est
839 1655 945 1715 neque
966 1654 998 1695 se
1020 1634 1135 1695 studiis
1157 1634 1243 1711 volgi
1264 1634 1379 1712 permi-

259 1734 317 1795 sit:
346 1733 631 1810 centurionemque
659 1736 882 1812 percontatus,
910 1737 1084 1811 postquam
1113 1731 1297 1811 quaesitum
1318 1730 1380 1790 sibi

258 1832 380 1893 crimen
415 1830 610 1909 caedemque
641 1831 814 1909 comperit,
853 1830 1068 1890 animadverti
1098 1830 1133 1889 in
1164 1847 1237 1888 eum
1269 1829 1378 1905 iussit,

257 1929 348 1990 haud
381 1928 514 2007 perinde
546 1948 601 2008 spe
633 1929 719 1991 vitae
750 1949 850 2008 quam
881 1930 929 1988 ira
944 1930 993 1989 .in
1024 1948 1259 2008 percussorem,
1291 1928 1379 2007 quod

205 2039 238 2091 15
258 2026 346 2088 idem
368 2047 409 2087 ex
429 2026 686 2087 interfectoribus
708 2026 813 2088 Clodii
834 2027 936 2087 Macri
951 2031 1098 2087 cruentas
1113 2026 1209 2103 legati
1224 2026 1378 2102 sanguine

256 2143 376 2184 manus
413 2123 454 2183 ad
493 2124 622 2184 caedem
661 2125 863 2207 proconsulis
900 2124 1084 2184 rettulisset.
1123 2124 1231 2184 Anxio
1263 2123 1379 2184 deinde

257 2222 363 2284 edicto
385 2221 705 2298 Carthaginiensibus
726 2223 907 2301 increpitis,
936 2242 976 2282 ne
998 2221 1093 2283 solita
1114 2221 1246 2300 quidem
1268 2222 1380 2281 munia

256 2318 451 2398 usurpabat,
474 2319 603 2380 clausus
624 2320 710 2380 intra
731 2320 882 2397 domum,
908 2339 947 2380 ne
970 2340 1035 2399 qua
1055 2325 1163 2380 motus
1184 2320 1261 2380 novi
1283 2338 1379 2380 causa

256 2418 309 2480 vel
337 2417 418 2477 forte
440 2422 590 2478 oreretur.
620 2417 682 2478 Sed
704 2418 761 2478 ubi
783 2419 878 2478 Festo
900 2418 1116 2479 consternatio
1137 2417 1239 2495 volgi,
1271 2421 1379 2478 centu·
1394 2420 1433 2483 50

198 2526 238 2581 20
257 2515 358 2576 rionis
390 2514 588 2594 supplicium
619 2534 759 2593 veraque
790 2520 821 2576 et
853 2514 934 2575 falsa
962 2535 1050 2576 more
1080 2515 1184 2574 famae
1211 2516 1245 2574 in
1274 2516 1379 2575 maius

258 2614 443 2688 innotuere,
466 2613 590 2691 equites
612 2613 646 2673 in
668 2633 778 2673 necem
799 2613 926 2673 Pisonis
942 2614 1052 2673 mittit.
1075 2613 1128 2672 llli
1145 2613 1262 2690 raptim
1279 2612 1377 2689 vecti,

257 2711 393 2772 obscuro
420 2709 527 2770 adhuc
554 2717 685 2788 coeptae
706 2710 788 2770 lucis
809 2710 943 2771 domum
966 2710 1166 2788 proconsulis
1186 2710 1380 2788 inrumpunt

257 2808 418 2869 destrictis
439 2807 553 2885 gladiis
576 2814 607 2868 et
629 2827 746 2884 magna
766 2828 840 2887 pars
862 2809 988 2869 Pisonis
1009 2809 1128 2886 ignari,
1150 2807 1237 2887 quod
1256 2809 1379 2868 Poenos

257 2905 432 2967 auxiliares
460 2906 654 2984 Maurosque
682 2906 716 2965 in
742 2925 813 2966 earn
837 2906 965 2967 caedem
990 2905 1157 2982 delegerat.
1187 2906 1287 2966 Haud
1308 2925 1377 2984 pro·

194 3014 237 3069 25
257 3004 311 3065 cul
343 3002 492 3063 cubiculo
524 3004 656 3064 obvium
688 3003 769 3063 forte
796 3022 942 3081 servum,
974 3004 1126 3082 quisnam
1154 3007 1185 3063 et
1213 3003 1268 3063 ubi
1296 3009 1380 3064 esset

258 3102 348 3177 Pis0,
380 3102 629 3177 interrogavere:
668 3120 779 3162 servus
810 3102 933 3177 egregio
965 3100 1134 3161 mendacio
1165 3120 1198 3161 se
1229 3102 1378 3162 Pisonem

256 3217 326 3259 esse
351 3198 531 3276 respondit;
558 3199 727 3259 aestatim
749 3199 968 3259 obtruncatur.
998 3199 1063 3258 Nec
1085 3198 1190 3260 multo
1211 3206 1284 3278 post
1305 3200 1378 3259 Piso

257 3296 464 3357 interficitur:
487 3314 627 3375 namque
649 3295 775 3373 aderat,
798 3296 855 3375 qui
876 3301 1036 3373 nosceret,
1059 3296 1198 3357 Baebius
1220 3297 1339 3371 Massa,
1362 3316 1378 3356 e

256 3394 519 3474 procuratoribus
541 3394 683 3471 Africae,
705 3395 770 3454 iam
792 3399 870 3454 tunc
892 3394 1015 3473 optimo
1038 3395 1154 3472 cuique
1175 3395 1329 3454 exitiosus
1348 3399 1379 3454 et

196 3504 240 3559 30
259 3494 344 3554 inter
365 3512 477 3553 causas
498 3492 674 3566 malorum,
697 3512 779 3570 quae
800 3511 879 3552 mox
893 3491 1043 3566 tulimuS,
1065 3492 1192 3570 saepius
1208 3492 1377 3552 rediturus.

257 3591 373 3651 Festus
401 3589 596 3666 Adrumeto,
624 3589 680 3650 ubi
706 3589 968 3668 speculabundus
991 3589 1193 3666 substiterat,
1222 3589 1262 3649 ad
1284 3589 1378 3665 legio-

258 3708 334 3749 nem
352 3688 517 3749 contendit
531 3687 793 3766 praefectumque
809 3692 987 3748 castrorum
1002 3687 1208 3747 Caetronium
1224 3687 1377 3746 Pisanum

294 3915 317 3964 1.
344 3912 450 3963 audacia
468 3913 498 3962 F.
525 3941 558 3948 -
578 3910 603 3962 2.
629 3911 750 3962 audiendi
769 3912 799 3962 F.
823 3940 857 3948 -
877 3910 901 3963 6.
921 3910 1018 3977 onmia]
1038 3908 1084 3960 oia
1103 3910 1124 3959 F
1143 3910 1229 3959 omina
1250 3910 1324 3959 Acirl.
1346 3939 1377 3947 -

256 4002 282 4056 8.
308 4009 476 4068 exposcerent
495 4000 537 4052 Fl.
561 4031 594 4038 -
613 4001 638 4053 9.
664 4002 717 4051 ueri
737 4001 819 4051 Rhea.
840 4000 891 4050 uiri
910 4000 939 4050 F.
961 4030 992 4037 -
1014 4000 1054 4051 16.
1075 3998 1198 4065 prodsulis
1218 4016 1245 4049 ex
1263 3996 1379 4064 prodsule

257 4109 319 4142 corr.
343 4091 374 4142 F.
396 4120 427 4127 -
447 4089 490 4142 23.
517 4107 596 4165 penos
615 4090 645 4140 F.
667 4120 699 4127 -
720 4089 762 4142 30.
782 4090 850 4139 inter
872 4088 932 4139 Wer
950 4089 976 4138 in
996 4089 1026 4139 F.
1049 4118 1080 4126 -
1101 4089 1143 4139 31.
1163 4086 1324 4157 adrimelto.
1345 4118 1377 4125 —
1410 4068 1414 4077 Ι

256 4180 300 4233 3⁸2.
320 4180 464 4231 corronium
483 4180 505 4230 F
525 4181 565 4245 (rs.
586 4180 655 4228 Ληη.
676 4178 696 4228 Ι.
716 4180 771 4242 l-l).
