3409 4909
308 458 335 506 p.
357 439 407 491 Ch.
426 441 471 506 69)
652 455 879 503 ursromlauu
901 441 945 502 II.
969 440 1095 502 14-19.
1394 444 1432 504 61

309 626 412 687 etiam
441 644 522 705 quos
550 625 696 687 cohortes
718 625 851 707 alaeque
873 632 1084 707 protegerent.
1114 629 1157 689 Et
1178 630 1281 690 aversi
1302 626 1437 709 repente

309 724 430 802 animi,
456 743 516 785 nec
543 728 653 785 tamen
677 729 787 804 aperta
809 725 858 788 vi:
887 730 1002 806 aptum
1023 731 1151 806 teinpus
1173 726 1299 787 insidiis
1321 727 1432 806 legere.

310 821 486 899 Digressu,
525 822 581 901 qui
613 822 783 882 Pacarium
814 821 1077 902 frequentabant,
1116 822 1224 885 nudus
1256 828 1287 885 et
1318 824 1433 886 auxilii

310 920 406 999 inops
434 919 570 981 balineis
597 919 802 998 interficitur3
830 920 985 982 trucidati
1012 927 1044 983 et
1065 922 1206 982 comites
1237 922 1368 1002 Capita,
1396 928 1434 985 ut

274 1016 474 1095 thostium,
501 1018 564 1097 ipsi
592 1017 808 1079 interfectores
837 1017 879 1078 ad
908 1018 1071 1079 Othonem
1099 1018 1217 1096 tulere,
1246 1038 1351 1100 neque
1379 1040 1432 1082 eos

310 1120 368 1177 aut
389 1116 476 1177 Otho
497 1116 640 1195 praemio
662 1116 769 1177 affecit
789 1119 846 1177 aut
867 1116 975 1195 puniit
996 1116 1162 1194 Vitellius,
1184 1117 1219 1178 in
1239 1116 1345 1179 multa
1359 1138 1433 1179 eon-

310 1212 399 1275 luvie
421 1233 528 1275 rerum
550 1213 724 1275 maioribus
745 1213 875 1291 flagitiis
896 1215 1084 1293 permixtos.

349 1313 531 1391 Aperuerat
557 1312 623 1371 iam
652 1311 782 1372 Italiam
802 1311 990 1391 bellumque
1011 1312 1248 1390 transmiserat,
1277 1318 1314 1375 ut
1335 1333 1432 1393 supra
1446 1320 1516 1382 171.

309 1410 580 1488 memoravimus,
609 1410 660 1470 ala
685 1409 822 1488 Siliana,
851 1410 943 1471 nullo
964 1410 1052 1491 apud
1073 1430 1271 1491 quemquam
1293 1411 1431 1473 Othonis

259 1517 291 1573 10
308 1505 435 1584 favore,
457 1526 517 1569 nec
537 1507 614 1585 quia
635 1507 805 1569 Vitellium
826 1507 963 1569 mallent
970 1529 977 1585 3
1000 1508 1056 1570 sed
1077 1508 1172 1586 longa
1193 1530 1259 1589 pax
1279 1508 1320 1570 ad
1331 1498 1432 1571 'omne

309 1605 480 1666 servitium
508 1605 658 1682 fregerat,
687 1605 790 1666 facilis
818 1606 1053 1686 occupantibus
1082 1612 1114 1668 et
1134 1606 1321 1668 melioribus
1342 1609 1437 1668 ineu·

309 1704 419 1764 tiosos.
449 1700 729 1765 Florentissimhm
750 1704 866 1764 Italiae
887 1703 989 1781 latus,
1017 1710 1177 1783 quantum
1198 1704 1282 1766 inter
1303 1704 1431 1766 Padum

308 1800 474 1880 Alpesque
502 1820 692 1881 camporum
720 1806 752 1863 et
779 1801 925 1879 urbium,
954 1803 1052 1863 armis
1077 1801 1201 1863 Vitellii
1222 1806 1378 1882 (namque
1398 1808 1432 1865 et

308 1899 505 1977 praemissae
527 1920 545 1960 a
566 1899 703 1961 Caecina
724 1900 871 1961 cohortes
892 1900 1104 1979 advenerant)
1125 1900 1304 1963 tenebatur.
1327 1901 1431 1980 Capta

259 2010 288 2060 15
308 1997 553 2058 Pannoniorum
587 1999 700 2059 cohors
732 1997 820 2078 apud
852 1999 1060 2069 Cremonam3
1098 1998 1269 2078 intercepti
1300 2004 1429 2059 centum

308 2096 433 2174 equites
461 2115 499 2157 ac
522 2096 611 2157 mille
631 2095 756 2158 classici
777 2096 862 2158 inter
883 2096 1081 2158 Placentiam
1104 2096 1328 2176 Ticinumque.
1358 2097 1429 2167 Ouo

308 2212 459 2255 successu
490 2193 683 2255 Vitellianus
711 2193 804 2256 miles
832 2214 898 2256 non
926 2195 992 2255 iam
1013 2194 1148 2255 flumine
1169 2201 1226 2256 aut
1246 2195 1324 2273 ripis
1347 2214 1430 2255 arce·

307 2290 419 2352 batur:
441 2291 596 2353 inritabat
617 2292 809 2371 quinetiam
825 2294 965 2354 Batavos
980 2293 1307 2373 Transrhenanosque
1322 2292 1429 2353 Padus

307 2387 393 2466 ipse3
432 2408 530 2468 quem
568 2395 699 2469 repente
737 2395 849 2451 eontra
880 2390 1079 2452 Placentiam
1110 2392 1298 2468 transgressi
1328 2392 1429 2469 raptis

259 2496 291 2552 20
310 2485 504 2563 quibusdam
540 2487 796 2567 exploratoribus
827 2489 874 2549 ita
905 2493 1025 2550 ceteros
1056 2493 1211 2564 terruere,
1250 2494 1288 2549 ut
1319 2489 1429 2550 adesse

312 2600 440 2643 omnem
464 2583 620 2645 Caecinae
641 2585 818 2645 exercitum
839 2585 958 2664 trepidi
979 2605 1016 2645 ac
1037 2585 1111 2645 falsi
1132 2587 1327 2647 nuntiarent.
1357 2586 1429 2646 Cer·
1445 2598 1482 2658 18

312 2684 382 2739 tum
406 2686 474 2742 erat
494 2681 675 2762 Spurinnae
696 2683 737 2762 (is
759 2684 846 2744 enim
868 2684 1065 2745 Placentiam
1087 2684 1268 2762 obtinebat)
1288 2683 1429 2744 necdum

315 2778 434 2840 venisse
460 2780 649 2858 Caecinam,
678 2786 709 2841 et
730 2781 756 2842 si
777 2782 1025 2862 propinquaret,
1054 2785 1196 2842 coercere
1218 2783 1303 2843 intra
1323 2782 1429 2842 muni-

317 2880 420 2937 menta
445 2877 585 2938 militem
613 2898 671 2939 nec
699 2884 762 2939 tres
790 2879 968 2958 praetorias
997 2877 1143 2940 cohortes
1165 2884 1196 2939 et
1217 2878 1307 2939 mille
1328 2878 1428 2939 vexil-

269 2987 304 3040 25
319 2969 407 3035 larios
433 2995 508 3036 cum
536 2975 647 3055 paucis
669 2975 832 3055 equitibus
853 2982 1005 3037 veterano
1027 2976 1182 3037 exercitui
1204 2976 1337 3037 obicere.
1366 2975 1429 3037 Sed

322 3066 487 3134 indomitus
515 3074 608 3135 miles
635 3079 668 3135 et
691 3073 768 3136 belli
788 3074 918 3152 ignarus
941 3075 1093 3153 correptis
1115 3075 1213 3151 signis
1235 3074 1428 3154 vexillisque

259 3227 262 3240 ,
326 3183 403 3230 ruere
428 3176 459 3233 et
486 3172 637 3233 retinenti
666 3172 741 3233 duci
769 3173 833 3234 tela
862 3173 1020 3258 intentare
1049 3174 1164 3251 spretis
1186 3173 1428 3233 centurionibus

328 3264 527 3349 tribunisque:
566 3270 646 3349 quin
683 3269 776 3350 prodi
815 3269 978 3332 Othonem
1015 3275 1047 3331 et
1084 3271 1223 3331 accitum
1256 3271 1427 3331 Caecinam

331 3359 529 3428 clamitabant.
557 3368 611 3429 Fit
630 3368 820 3429 temeritatis
842 3369 965 3429 alienae
987 3388 1094 3429 comes
1115 3368 1293 3448 Spurinna,
1322 3370 1428 3447 primo

288 3474 319 3528 ³0
333 3468 453 3543 cordus,
482 3485 560 3527 mox
587 3466 670 3528 velle
698 3466 872 3544 simulans,
901 3487 965 3546 quo
994 3466 1068 3545 plus
1089 3468 1289 3528 auctoritatis
1310 3467 1429 3527 inesset

335 3560 466 3638 consiliis,
488 3563 515 3623 si
536 3563 651 3625 seditio
672 3564 861 3625 mitesceret.
886 3566 1063 3644 Postquam
1086 3566 1171 3643 <non
1192 3566 1277 3644 iam>
1299 3566 1333 3625 in
1355 3581 1481 3641 oon-19

336 3706 467 3727 κ

361 3799 380 3852 3·
400 3806 492 3871 picarir‘r
509 3808 539 3858 F.
566 3837 598 3844 —
618 3807 643 3860 8.
662 3808 766 3858 Italiam
784 3808 866 3859 Rhea.
886 3808 964 3859 ltalia
982 3808 1012 3858 F.
1040 3838 1072 3845 —
1092 3808 1116 3859 9.
1139 3818 1259 3873 quenqua
1277 3808 1307 3858 F.
1329 3838 1361 3845 —-
1383 3810 1424 3859 11.

336 3888 455 3946 melioribus
478 3897 508 3962 cs.
534 3896 604 3946 Ana.
632 3880 709 3948 1438
733 3926 765 3933 —
789 3896 836 3947 tris
860 3897 891 3947 F.
916 3927 949 3934 —
974 3895 1017 3948 ⁶28.
1042 3902 1100 3962 post
1123 3895 1284 3961 tribunisque
1306 3896 1329 3946 F
1356 3896 1427 3946 habet

336 3978 470 4036 laudantia
492 3983 563 4034 ducis
586 3983 699 4047 laudari,
726 3983 825 4034 eccleisa
851 3984 973 4045 dicretae.
994 4014 1026 4022 -
1046 3984 1109 4049 quin
1133 3984 1256 4050 Agricola
1278 3984 1323 4049 qui
1342 3984 1373 4033 F.
1393 4014 1426 4021 —

335 4066 391 4125 Pf⁰di
405 4070 500 4123 Beata
518 4090 566 4139 pro
586 4073 658 4140 (atqle
677 4073 843 4138 enuntiatam)
862 4074 892 4124 F.
913 4103 945 4109 —
966 4074 1016 4125 31:
1029 4070 1100 4142 <non
1118 4071 1189 4142 iam>
1209 4073 1315 4123 imerait
1331 4071 1426 4123 dieiscr

335 4164 476 4226 eanspoctu
494 4160 622 4213 Heracus.
