3409 4909
285 463 311 512 p.
330 445 379 496 Ch.
399 445 446 511 69)
632 460 861 505 nrsronraauu
882 443 907 503 I.
930 444 1057 504 65-69.
1367 442 1404 506 37

283 630 449 691 festinatio
470 630 764 691 unaetvicensimae
779 629 922 707 legionis.
946 630 1131 708 Rapuerant
1146 629 1317 708 pecuniam
1333 629 1407 689 mis-

282 747 355 789 sam
384 728 547 807 stipendio
568 727 704 805 castelli,
727 727 814 807 quod
836 727 915 788 olim
937 728 1080 789 Helvetii
1102 728 1167 788 suis
1189 727 1348 788 militibus
1370 747 1407 787 ac

280 827 454 906 stipendiis
485 826 669 888 tuebantur.
708 828 810 903 Aegre
842 826 875 886 id
907 827 994 904 passi
1026 826 1184 903 Helvetii,
1222 826 1406 903 interceptis

281 925 448 1003 epistulis,
477 945 560 1004 quae
587 925 718 985 nomine
748 925 932 985 Germanici
961 925 1120 986 exercitus
1141 924 1183 983 ad
1204 924 1406 984 Pannonicas

246 1022 425 1099 5legiones
456 1022 655 1100 ferebantur,
691 1023 913 1084 centurionem
944 1029 975 1084 et
1007 1023 1165 1101 quosdam
1197 1022 1339 1083 militum
1372 1022 1406 1081 in

280 1118 433 1180 custodia
452 1121 643 1182 retinebant.
666 1120 803 1182 Caecina
821 1120 898 1181 belli
914 1120 1029 1182 avidus
1043 1121 1226 1198 proximam
1242 1138 1406 1198 quamque

279 1217 432 1296 culpam,
464 1223 639 1298 antequam
670 1220 863 1297 paeniteret,
897 1219 1003 1279 ultum
1035 1218 1111 1279 ibat.
1151 1219 1240 1279 Mota
1272 1237 1406 1296 propere

279 1321 405 1392 eastra,
433 1318 552 1378 vastati
579 1318 661 1394 agri,
690 1317 835 1396 direptus
864 1317 960 1394 longa
986 1336 1064 1396 pace
1088 1318 1121 1376 in
1144 1316 1279 1377 modum
1301 1316 1405 1375 muni-

279 1413 361 1492 cipii
389 1419 556 1475 extructus
583 1414 689 1492 locus,
718 1434 854 1475 amoeno
882 1414 1062 1475 salubrium
1083 1433 1242 1493 aquarum
1264 1433 1325 1474 usu
1347 1414 1405 1473 sre-

231 1531 261 1584 10
279 1530 402 1591 quens;
424 1513 515 1573 missi
536 1512 577 1573 ad
595 1514 726 1574 Raetica
741 1514 865 1574 auxilia
879 1514 1003 1591 nuntii,
1026 1520 1062 1575 ut
1077 1533 1183 1575 versos
1199 1515 1232 1573 in
1248 1513 1405 1589 legionem

280 1609 454 1671 Helvetios
475 1631 494 1670 a
516 1616 602 1688 tergo
624 1611 881 1688 adgrederentur.
904 1612 959 1672 Illi
980 1617 1054 1672 ante
1077 1611 1249 1673 discrimen
1271 1611 1404 1688 feroces,
1420 1608 1459 1670 68

279 1708 314 1767 in
348 1708 492 1786 periculo
523 1708 652 1787 pavidi,
685 1729 885 1789 (luemquam
917 1711 1022 1789 primo
1053 1709 1198 1771 tumultu
1230 1708 1404 1768 Claudium

279 1806 436 1866 Severum
465 1806 580 1867 ducem
609 1808 766 1885 legerant,
797 1828 864 1869 non
893 1828 983 1868 arma
1011 1826 1155 1883 noscere,
1184 1827 1248 1867 non
1277 1806 1404 1866 ordines

279 1903 391 1981 sequi,
413 1922 477 1963 non
498 1904 533 1963 in
552 1923 656 1964 unum
671 1906 846 1966 consulere.
869 1906 1052 1966 Exitiosum
1068 1905 1221 1967 adversus
1237 1910 1404 1966 veteranos

231 2021 259 2071 lo
280 2000 459 2079 proelium,
487 2002 595 2063 intuta
621 2003 747 2064 obsidio
773 2004 907 2083 dilapsis
929 2009 1088 2064 vetustate
1109 2004 1287 2065 moenibus.
1317 2003 1404 2063 Hinc

280 2097 422 2158 Caecina
442 2118 517 2159 cum
539 2099 647 2160 valido
669 2102 827 2178 exercitu,
850 2102 924 2161 inde
943 2102 1093 2162 Raeticae
1108 2102 1178 2162 alae
1193 2101 1403 2180 cohortesque

280 2199 313 2255 et
334 2195 480 2273 ipsorum
502 2197 676 2258 Raetorum
698 2199 867 2276 iuventus,
890 2204 981 2259 sueta
1002 2201 1099 2260 armis
1120 2205 1151 2260 et
1165 2220 1254 2260 more
1269 2199 1403 2259 militiae

279 2294 432 2354 exercita.
471 2294 623 2373 Undique
654 2296 824 2375 populatio
856 2304 887 2359 et
919 2297 1040 2358 caedes.
1077 2298 1145 2377 Ipsi
1176 2297 1283 2358 medio
1314 2298 1402 2374 vagi,

279 2389 415 2452 abiectis
437 2392 550 2469 armis,
579 2412 696 2470 magna
717 2414 791 2473 pars
812 2396 913 2456 saucii
934 2401 991 2456 aut
1011 2396 1174 2475 palantes,
1202 2396 1237 2455 in
1258 2400 1403 2456 montem

232 2505 261 2560 20
280 2487 453 2549 Vocetium
484 2489 659 2567 perfugere.
694 2492 741 2551 Ac
773 2492 884 2553 statim
915 2494 1049 2553 inmissa
1079 2494 1209 2553 cohorte
1240 2493 1402 2552 Thracum

279 2584 409 2664 depulsi
438 2591 478 2654 et
512 2588 773 2649 consectantibus
805 2590 974 2650 Germanis
1014 2592 1185 2670 Raetisque
1217 2611 1273 2668 per
1305 2590 1402 2651 silvas

280 2688 379 2761 atque
400 2684 435 2743 in
456 2684 534 2763 ipsis
552 2684 683 2746 latebris
698 2686 859 2748 trucidati.
883 2688 988 2748 Multa
1001 2688 1174 2749 hominum
1189 2688 1279 2747 milia
1294 2706 1401 2762 caesa,

279 2780 387 2842 multa
408 2781 468 2841 sub
489 2802 607 2844 corona
621 2784 815 2845 venundata.
838 2785 986 2864 Cumque
1001 2785 1116 2846 dirutis
1131 2784 1281 2845 omnibus
1296 2786 1402 2858 Avens

279 2879 400 2955 ticum,
438 2881 541 2956 gentis
573 2887 686 2961 caput,
722 2883 807 2942 iusto
839 2884 966 2960 agmine
998 2889 1175 2962 peteretur,
1207 2883 1312 2960 missi,
1345 2882 1401 2960 qui

232 2994 260 3049 25
279 2976 435 3039 dederent
462 2979 643 3056 civitatem3
672 2985 704 3040 et
724 2980 845 3041 deditio
868 2987 1007 3059 accepta.
1038 2981 1077 3041 In
1099 2981 1221 3042 Iulium
1243 2982 1401 3059 Alpinum

278 3093 296 3135 e
324 3076 543 3154 principibus,
575 3080 613 3136 ut
640 3078 836 3138 concitorem
864 3078 957 3151 belli,
991 3079 1128 3139 Caecina
1157 3078 1400 3140 animadvertit:

279 3178 402 3233 ceteros
434 3174 547 3234 veniae
578 3173 630 3234 vel
661 3176 814 3237 saevitiae
847 3176 971 3237 Vitellii
1002 3177 1141 3255 reliquit.
1178 3177 1277 3236 Haud
1309 3177 1402 3237 facile
1417 3178 1456 3238 69

279 3269 371 3331 dictu
392 3275 456 3348 est,
478 3270 574 3348 legati
595 3272 822 3333 Helvetiorum
843 3275 952 3335 minus
967 3275 1159 3353 placabilem
1176 3276 1402 3353 imperatorem

279 3387 322 3428 an
349 3367 489 3429 militem
517 3369 707 3430 invenerint.
737 3371 886 3432 Civitatis
914 3372 1076 3432 excidium
1099 3377 1251 3450 poscunt,
1280 3371 1344 3431 tela
1366 3390 1402 3431 ac

232 3484 259 3538 30
278 3484 397 3525 manus
419 3467 453 3526 in
474 3486 530 3527 ora
545 3466 730 3544 ¹legatorum
751 3469 923 3529 intentant.
946 3469 993 3529 Ne
1015 3468 1166 3529 Vitellius
1188 3467 1320 3547 quidem
1335 3487 1401 3528 ver-

317 3673 340 3722 1.
366 3689 419 3723 una
437 3681 463 3723 et
478 3673 618 3724 uicensima
636 3673 677 3725 Fl.
705 3706 737 3711 -
757 3674 782 3725 ἱ).
808 3673 951 3745 misissem
970 3676 1097 3741 stipendio
1115 3676 1150 3727 Fl
1169 3679 1302 3741 (mutatura
1321 3684 1355 3727 cal
1376 3677 1402 3727 ia

277 3759 421 3826 stipendiul
445 3762 473 3812 in
492 3762 649 3827 stipendium
667 3765 752 3831 rrrrlqo.
779 3794 811 3801 -
834 3766 874 3815 17.
902 3764 1072 3833 (Romanae)
1093 3782 1164 3815 more
1184 3766 1289 3815 militiae
1308 3765 1400 3817 Helas.

279 3882 422 3954 <nostras
442 3886 549 3937 mursae
569 3886 664 3938 saraa.
685 3918 718 3925 -
741 3888 780 3940 rs.
801 3854 859 3954 laa-
879 3889 902 3939 r
921 3891 993 3956 (aa.
1013 3908 1045 3939 a.
1060 3889 1095 3953 a).
1118 3919 1149 3925 -
1162 3888 1204 3941 aa.
1224 3890 1307 3940 ceder
1322 3890 1352 3940 a.
1368 3920 1399 3926 -

277 3972 321 4026 26.
346 3974 433 4025 animai
457 3975 487 4027 F.
513 4006 545 4013 -
572 3975 614 4028 28.
637 3985 695 4043 post
720 3978 794 4043 placa
815 3980 915 4045 popina
930 3980 1026 4044 finitur
1045 3986 1067 4028 et
1086 3980 1153 4029 dccet
1171 3998 1249 4029 anaim
1260 3981 1355 4044 folium
1373 3981 1401 4029 in

277 4063 331 4113 eod.
355 4063 383 4113 F
404 4081 483 4131 itaque
502 4065 536 4115 ad
554 4064 679 4116 incertum
698 4068 730 4132 (e.
751 4068 809 4131 75,);
836 4068 952 4117 lucianam
970 4068 1087 4134 suppleat
1105 4069 1158 4118 cdd.
1178 4068 1321 4118 Florcalini
1340 4069 1400 4121 684

237 4212 240 4217 ι
277 4158 301 4200 et
319 4153 335 4204 5
354 4155 382 4217 (a
400 4160 424 4203 ct
443 4153 478 4219 b).
499 4184 532 4191 -
551 4152 593 4206 29.
614 4154 736 4206 novitatis
755 4155 794 4205 ab.
