3409 4909
347 475 386 534 20
773 490 915 533 connum
936 490 1046 532 narmi
1315 477 1350 541 (a.
1372 492 1397 526 u.
1417 474 1472 528 822

347 666 378 721 et
404 660 628 721 exhortatione
656 665 787 734 mutua,
816 679 882 720 non
909 665 1078 738 tamquam
1107 661 1141 720 in
1169 660 1291 739 populo
1317 680 1354 721 ae
1377 660 1472 739 plebe

347 760 445 819 variis
467 758 555 836 segni
577 757 762 819 adulatione
778 758 928 830 vocibuS‚
951 758 1006 819 sed
1022 763 1058 819 ut
1076 778 1238 838 quemque
1252 758 1471 820 adfluentium

348 855 490 917 militum
522 862 730 934 aspexerant,
769 875 919 934 prensare
951 856 1118 932 mambae,
1150 857 1321 936 complecti
1354 858 1470 933 armis.

347 954 513 1015 conlocare
540 955 649 1032 iuxta,
681 955 803 1033 praeire
831 960 1086 1032 sacramentum,
1116 955 1213 1016 modo
1240 956 1469 1034 imperatorem

347 1052 522 1128 militibus,
544 1052 641 1114 modo
662 1052 782 1113 milites
803 1053 990 1131 imperatori
1012 1053 1246 1115 commendare.
1269 1054 1335 1115 Nee
1358 1054 1469 1115 deerat
1489 1065 1504 1116 5

348 1148 433 1211 Otho
462 1149 657 1227 protendens
685 1168 801 1210 manus
829 1150 963 1212 adorare
991 1150 1120 1227 volgua3
1149 1151 1250 1212 iacere
1278 1150 1405 1227 oscula,
1440 1159 1471 1211 et

348 1248 458 1308 omnia
480 1247 637 1309 serviliter
658 1267 715 1326 pro
737 1248 967 1309 dominatione.
990 1250 1167 1327 Postquam
1188 1250 1340 1310 universa
1361 1248 1471 1310 elassi-

348 1365 457 1407 eorum
490 1345 572 1423 legio
600 1352 838 1407 sacramentum
855 1347 936 1415 eius
964 1347 1103 1425 accepit,
1136 1346 1239 1407 fidens
1266 1347 1406 1423 viribuS,
1440 1354 1472 1408 et
1515 1413 1517 1418 ,

348 1464 428 1523 quos
460 1443 567 1505 adhue
599 1444 742 1522 singulos
772 1444 1038 1523 extimulavernt,
1070 1444 1290 1506 accendendos
1322 1445 1357 1505 in
1384 1464 1471 1505 com-

294 1544 332 1607 37
347 1562 446 1603 mune
476 1547 581 1619 ratae,
612 1563 670 1621 pro
702 1541 788 1602 vallo
820 1548 998 1603 castrorum
1029 1543 1076 1603 ita
1103 1544 1217 1621 coepit.
1252 1542 1326 1615 eris
1353 1543 1396 1603 ad
1423 1562 1472 1603 ms
1491 1551 1517 1605 lt

346 1640 551 1719 processerim,
579 1640 806 1717 commilitones,
836 1640 931 1701 dicem
958 1660 1019 1701 aon
1039 1660 1174 1719 possum,
1204 1640 1277 1718 quia
1297 1660 1350 1701 nec
1365 1641 1471 1718 priua-

350 1738 413 1798 tum
439 1758 485 1798 me
511 1758 614 1799 uocare
640 1738 769 1798 antiaco
793 1738 936 1817 princeps
956 1730 977 1797 a
996 1738 1075 1798 uobis
1095 1738 1284 1815 amalacitae,
1312 1757 1364 1799 nec
1380 1739 1471 1817 prin-

348 1836 442 1914 cipem
469 1836 531 1907 alio
558 1836 733 1914 imperante.
769 1836 903 1896 Vestrum
931 1856 1043 1914 quoque
1069 1856 1176 1897 nomen
1203 1837 1238 1896 in
1265 1837 1376 1897 incerto
1397 1837 1471 1912 erit,
1503 1840 1505 1844 '

349 1933 438 1993 donec
465 1933 667 2011 dubitabitur,
702 1935 913 2012 imperatorem
935 1934 1046 2013 populi
1072 1934 1205 1994 Rotnani
1232 1934 1267 1994 ia
1295 1934 1402 1993 castris
1430 1954 1473 1993 aa

349 2032 460 2091 bostem
480 2030 621 2090 babeatis.
643 2030 823 2108 Auditisae,
844 2039 879 2090 ut
895 2050 996 2110 poena
1015 2051 1083 2091 mea
1104 2038 1130 2090 et
1147 2031 1329 2109 supplicium
1341 2038 1473 2091 uestrum
1493 2043 1517 2093 1:

349 2128 440 2188 simul
459 2128 666 2206 postulentur?
693 2128 778 2188 Adeo
798 2128 996 2205 manifestum
1016 2137 1057 2189 est
1077 2148 1169 2207 aeque
1184 2129 1286 2208 perire
1305 2148 1359 2188 nos
1378 2148 1473 2207 neque

348 2226 444 2286 saluos
471 2246 528 2285 esse
554 2226 617 2285 aisi
642 2245 706 2285 una
729 2245 822 2304 posse.
854 2227 895 2286 Et
923 2227 1007 2287 cuius
1036 2226 1170 2287 lenitatis
1197 2234 1238 2286 est
1261 2226 1373 2303 Galba,
1406 2227 1474 2287 iam

345 2323 474 2401 fortasse
491 2324 648 2401 promisit,
674 2331 708 2383 ut
729 2324 782 2401 qui
801 2324 885 2384 nullo
907 2332 1072 2402 exposcente
1094 2332 1134 2383 tot
1154 2324 1245 2394 milia
1264 2325 1473 2385 innocentissi-

349 2442 466 2481 morum
496 2422 631 2481 militum
662 2422 864 2482 tmrcidaoerit.
897 2422 1016 2482 Horror
1047 2422 1186 2483 animum
1213 2421 1306 2498 stabit,
1338 2423 1474 2500 quotieas

349 2520 484 2579 recordor
513 2519 643 2597 feralem
671 2519 831 2579 introitum
862 2528 889 2580 et
920 2519 998 2580 banc
1027 2520 1123 2580 solam
1155 2519 1267 2580 Galbae
1296 2520 1472 2598 uictoriam,
1491 2529 1517 2584 2(

349 2638 417 2678 cum
441 2618 476 2677 in
502 2618 594 2677 oculis
620 2616 702 2677 urbis
729 2617 883 2678 decumuri
903 2617 1018 2677 deditos
1038 2616 1162 2694 iuberet,
1192 2637 1262 2694 quos
1283 2617 1474 2695 deprecantes

349 2717 384 2775 ia
400 2715 494 2794 fidem
514 2723 671 2793 acceperat.
693 2715 756 2775 His
776 2715 922 2793 auspiciis
935 2714 1037 2774 urbem
1049 2715 1213 2791 inpressas,
1237 2734 1329 2791 quam
1341 2715 1475 2792 pluriam

350 2814 392 2874 ad
415 2814 627 2892 principatum
654 2813 759 2873 attulit
779 2813 841 2872 nisi
862 2812 949 2873 occisi
972 2812 1141 2873 Obultronii
1162 2811 1270 2872 Sabini
1290 2821 1316 2873 et
1340 2813 1475 2874 Oomtelii

351 2912 489 2972 Marcelli
509 2912 544 2970 in
564 2911 738 2989 Hispania,
760 2911 851 2970 Betui
875 2909 1011 2970 Chilonis
1031 2909 1066 2969 ia
1085 2909 1206 2986 Gallia,
1228 2909 1335 2969 Fontei
1351 2910 1475 2987 Capito-

350 3009 400 3069 nis
428 3018 461 3068 tn
490 3009 671 3085 Germania,
702 3008 802 3069 Clodii
829 3008 931 3068 Macri
957 3009 992 3067 in
1019 3007 1146 3085 Africa,
1179 3008 1321 3085 Cinpoaii
1347 3008 1382 3067 in
1404 3009 1474 3082 uia,
1493 3020 1517 3074 22

356 3107 532 3186 Turpiliani
559 3108 594 3166 ia
620 3106 705 3184 urbe,
733 3106 907 3184 Nymphidi
934 3107 969 3165 ia
997 3105 1126 3166 castris?
1155 3105 1237 3177 Qicae
1256 3125 1384 3183 usquam
1401 3127 1475 3185 pro·
1515 3163 1517 3167 .

350 3206 467 3282 cilicia,
496 3225 571 3282 quae
598 3213 697 3265 castra
717 3212 787 3264 sunt
807 3204 871 3263 nisi
891 3211 1013 3263 cruenta
1035 3211 1061 3263 ct
1081 3203 1236 3264 maculata
1256 3212 1325 3280 aut,
1354 3189 1388 3263 ut
1410 3204 1476 3282 ipse

347 3303 522 3383 praedicat,
554 3302 712 3363 emendata
740 3310 766 3362 ct
794 3302 945 3362 correcta?
972 3302 1056 3361 Nam
1083 3320 1158 3378 quae
1185 3301 1244 3361 alii
1270 3302 1394 3377 scelera,
1425 3302 1476 3362 bie

351 3403 483 3463 remedia
508 3410 606 3478 uocat,
635 3402 709 3461 dum
732 3400 825 3477 falsis
852 3399 1023 3460 nominibus
1050 3400 1234 3460 seueritatem
1249 3420 1307 3478 pro
1327 3400 1474 3478 saeuitia,

347 3500 572 3580 parsimoniam
605 3519 663 3578 pro
701 3498 852 3575 auaritia,
891 3497 1043 3576 supplicia
1080 3505 1107 3557 et
1138 3497 1331 3557 contumelias
1361 3506 1476 3559 uestras
1492 3509 1517 3564 3(

352 3598 549 3677 disciplinam
578 3597 721 3675 appellat.
754 3596 871 3674 Septem
901 3616 921 3654 a
948 3594 1078 3655 Neronis
1100 3593 1164 3673 fiae
1190 3614 1302 3655 menses
1328 3603 1415 3673 sum,
1446 3604 1475 3655 ct

351 3699 416 3757 iam
433 3697 503 3774 plus
523 3695 629 3773 rapuit
649 3694 759 3770 Icelus,
781 3714 873 3771 qua-m
894 3713 949 3770 quo
970 3692 1113 3769 Polycliti
1127 3700 1153 3751 et
1174 3691 1294 3751 Vatinii
1308 3699 1334 3751 et
1348 3691 1475 3769 Aspiali

387 3894 412 3945 ⁸2.
432 3910 533 3959 queuq;
554 3923 587 3929 —
607 3894 631 3943 3.
649 3897 776 3954 messere.
798 3921 830 3927 —
842 3892 866 3944 6.
886 3891 983 3956 uolgus.
1005 3890 1090 3941 1-14,
1111 3836 1144 3940 ad
1162 3890 1192 3940 F.
1213 3920 1246 3926 —
1259 3888 1302 3941 23.
1322 3889 1473 3941 obultrouus

353 4018 427 4069 ablui
447 3966 527 4084 (ibini
545 4016 600 4082 Fu.
621 4047 652 4053 —
672 4015 715 4067 21.
735 4016 828 4083 castra]
848 4016 875 4065 in
894 4014 983 4065 eastris
1001 4015 1031 4065 F.
1052 4045 1085 4052 -
1104 4013 1147 4067 ⁶28.
1167 4014 1224 4064 aliia
1242 4013 1284 4065 Fl.
1305 4044 1338 4052 —
1358 4012 1401 4067 3⁶2.
1422 4031 1472 4080 quo

353 4107 450 4158 Haase.
470 4106 539 4173 quod
558 4107 580 4157 F
601 4103 670 4174 (ob)
690 4104 759 4170 quod
778 4104 892 4171 bladrip.
918 4134 948 4140 —
971 4103 1071 4168 Aegiali
1094 4101 1169 4154 Orcll.
1189 4103 1274 4176 egialii
1292 4102 1323 4153 F.
1349 4132 1382 4139 —
1401 4102 1471 4153 Helii

353 4197 424 4263 Lips.
443 4198 473 4262 cs.
493 4197 561 4247 Anu.
584 4196 623 4247 13.
646 4196 668 4245 l.
