3409 4909
278 488 306 536 p.
328 468 444 534 01].69)
630 486 857 529 nrsroaranuu
879 468 904 528 I.
926 469 1055 529 48-50.
1365 469 1402 531 27

277 655 314 716 in
353 655 455 716 bonos
486 654 668 732 incidisset,
707 654 776 715 sine
807 655 1053 733 reprehensione
1085 656 1226 733 patiens,
1266 655 1293 715 si
1324 654 1401 731 mali

277 752 401 830 forent,
430 772 533 832 usque
561 753 603 813 ad
631 753 763 832 culpam
789 753 928 830 ignarus.
957 752 1020 814 Sed
1041 753 1169 814 claritas
1191 753 1349 815 natalium
1372 759 1403 814 et
1458 788 1461 793 -

278 855 389 911 metus
409 856 595 930 temporum
617 851 780 929 obtentui,
801 856 855 928 ut,
878 850 966 930 quod
987 852 1122 929 segnitia
1139 857 1222 929 erat,
1245 852 1403 930 sapientia

279 953 459 1011 vocaretur.
481 948 570 1008 Dum
584 948 714 1026 vigebat
728 954 831 1025 aetas,
850 948 984 1010 militari
999 948 1095 1010 laude
1110 948 1197 1028 apud
1213 950 1402 1011 (lemranias

242 1057 260 1108 5
278 1046 407 1118 floruit3
429 1064 487 1124 pro
509 1046 642 1107 consule
663 1045 806 1107 Africam
823 1046 1004 1124 moderate,
1026 1048 1091 1107 iam
1105 1048 1211 1109 senior
1224 1048 1402 1110 citeriorem

279 1144 479 1223 Hispaniam
500 1144 570 1223 pari
592 1144 716 1205 iustitia
738 1144 914 1221 continuit,
936 1145 1040 1206 maior
1054 1146 1181 1224 privato
1197 1146 1301 1223 visus,
1324 1145 1401 1206 dum

279 1242 429 1320 privatus
466 1240 545 1318 suit,
584 1247 616 1303 et
654 1243 801 1303 omnium
833 1262 991 1304 consensu
1023 1262 1127 1322 capax
1158 1243 1301 1322 imperii,
1342 1244 1401 1303 nisi

279 1339 481 1418 imperasset.

320 1437 496 1517 Trepidam
528 1438 641 1499 urbem
673 1458 709 1499 ac
738 1439 836 1499 simul
865 1440 1066 1501 atrocitatem
1094 1441 1230 1500 recentis
1259 1439 1401 1516 sceleris,
1417 1443 1457 1503 50

232 1544 262 1599 ιθ
280 1535 381 1595 simul
419 1542 541 1597 veteres
570 1536 708 1597 Othonis
736 1555 841 1597 mores
869 1541 1042 1616 paventem
1070 1555 1175 1598 novus
1203 1538 1336 1616 insuper
1364 1537 1403 1597 de

280 1633 416 1695 Vitellio
443 1635 578 1695 nuntius
604 1635 775 1711 exterruit,
804 1640 879 1695 ante
900 1634 1030 1697 caedem
1053 1634 1174 1695 Galbae
1196 1654 1403 1715 suppressus,

280 1738 319 1793 ut
345 1736 476 1792 tantum
505 1732 676 1811 superioris
705 1733 898 1793 Germaniae
926 1733 1084 1794 exercitus
1106 1733 1277 1794 descivisse
1299 1733 1404 1794 crede-

281 1833 379 1890 retur.
418 1828 503 1889 Tum
541 1828 622 1889 duos
653 1830 800 1891 omnium
832 1831 1020 1891 mortalium
1051 1830 1244 1909 inpudicitia
1275 1832 1404 1909 ignavia

281 1926 415 1987 luxuria
442 1926 631 1988 deterrimos
659 1927 749 1988 velut
777 1926 816 1987 ad
845 1926 1046 2007 perdendum
1068 1928 1242 2007 imperium
1264 1928 1404 1988 fataliter

233 2034 263 2087 15
281 2024 400 2086 electos
422 2044 487 2086 non
508 2030 638 2112 senatus
660 2024 757 2085 modo
778 2031 810 2086 et
831 2044 945 2104 eques,
967 2026 1039 2105 quis
1062 2026 1172 2104 aliqua
1193 2045 1267 2105 pars
1282 2031 1404 2087 staura

281 2123 326 2183 rei
354 2122 521 2201 publicae,
550 2113 606 2183 sed
633 2122 746 2200 volgus
777 2142 906 2202 quoque
934 2123 1043 2201 palam
1071 2144 1220 2184 maerere.
1250 2124 1315 2184 Nec
1338 2124 1401 2183 iam

282 2219 424 2280 recentia
451 2238 564 2280 saevae
593 2220 681 2299 pacis
709 2221 876 2299 exempla,
906 2220 962 2281 sed
989 2222 1126 2300 repetita
1146 2221 1306 2283 bellorum
1328 2222 1404 2282 civi·

283 2316 364 2378 lium
385 2317 543 2378 memoria
564 2326 685 2396 coptam
707 2318 813 2379 totiena
833 2319 896 2387 siris
913 2319 1084 2379 exercitibus
1097 2319 1212 2394 ariera,
1234 2320 1404 2379 cristitotem

288 2415 412 2491 ltaliae,
451 2414 632 2494 direptiones
661 2416 905 2494 provinciaram,
944 2416 1144 2477 Pici-saliam
1182 2417 1343 2495 Philippos
1378 2426 1404 2477 et

243 2513 444 2590 lOPmasiara
480 2533 516 2573 ac
551 2513 724 2587 Mutinam,
762 2522 835 2574 acta
871 2514 1064 2592 publico-ram
1098 2514 1232 2575 cladium
1262 2515 1403 2588 nornine,

284 2609 509 2689 loquebantur.
537 2610 636 2689 Prope
663 2630 792 2671 mosam
819 2611 931 2687 orbern,
960 2611 1052 2671 etiam
1079 2631 1146 2671 cam
1171 2612 1209 2671 cle
1225 2612 1405 2689 principata

284 2708 362 2768 inter
382 2707 470 2767 dorios
489 2715 669 2782 cerasetum
696 2708 748 2768 sed
766 2708 911 2769 mamis-se
934 2708 969 2768 G.
991 2708 1091 2788 Iulio,
1113 2709 1257 2768 moiseo
1279 2709 1405 2768 Caesare

283 2806 420 2885 Ariovisto
444 2805 552 2866 victore
571 2806 751 2883 imperium
778 2826 957 2866 naaasarara
973 2805 1071 2882 faisse
1090 2805 1142 2865 aab
1163 2806 1304 2884 Pompeio
1325 2807 1404 2866 Bru-

285 2912 368 2982 toque
387 2923 450 2964 rem
466 2903 630 2982 poblicum.
652 2905 743 2964 Naar
758 2924 817 2982 pro
840 2904 953 2964 Othone
973 2922 1015 2963 aa
1032 2923 1090 2981 pro
1111 2903 1230 2964 Vitellio
1244 2903 1279 2963 ia
1294 2904 1404 2982 templo

241 3005 268 3065 25
284 3000 400 3062 ituros?
435 3000 581 3078 Utrosqae
599 3001 714 3079 impios
731 3020 845 3079 preces,
876 3009 1003 3077 atraque
1023 3000 1198 3060 detestando
1218 3008 1302 3078 octo,
1326 3001 1405 3060 inter

285 3100 372 3175 duos,
394 3118 521 3176 quoram
540 3097 612 3158 bello
632 3099 728 3158 sciara
748 3098 783 3158 id
802 3098 904 3173 scires,
927 3098 1100 3158 deteriorem
1110 3097 1193 3175 sore,
1215 3099 1268 3175 pai
1281 3098 1403 3158 vicisset.

284 3198 400 3273 Erant,
429 3197 486 3275 qui
512 3196 749 3275 Vespasianum
771 3200 802 3256 et
823 3215 913 3255 arma
935 3196 1074 3257 Orientis
1097 3201 1344 3273 augurarentur3
1373 3203 1406 3255 et

284 3301 319 3356 ut
339 3295 447 3374 potior
467 3298 604 3373 utroque
627 3294 861 3373 Vespasianus,
883 3294 929 3354 ita
951 3293 1072 3354 bellum
1096 3293 1185 3354 aliud
1206 3298 1304 3372 atque
1325 3294 1403 3353 alias

284 3392 391 3452 clades
412 3390 601 3468 horrebant,
625 3396 656 3452 et
678 3390 829 3467 ambigua
850 3390 889 3451 de
911 3390 1111 3468 Vespasiano
1129 3389 1231 3466 fama,
1254 3390 1404 3468 solusque

237 3498 268 3556 30
284 3490 432 3550 omnium
454 3494 528 3549 ante
550 3508 583 3550 se
604 3489 788 3568 principum
810 3488 845 3548 in
866 3488 985 3548 melius
1004 3494 1149 3549 mutatus
1172 3493 1227 3549 est.

317 3786 343 3839 2.
368 3788 480 3854 ignavus
498 3787 643 3838 Acidaliae.
670 3817 701 3824 -
722 3788 747 3839 7.
773 3792 899 3837 consensit
917 3787 960 3837 Fi.
981 3815 1013 3822 -
1035 3784 1075 3836 ]·2.
1095 3785 1222 3835 exercitus
1240 3784 1303 3834 Ritt.
1323 3784 1403 3850 a'ipp.

284 3876 411 3929 exercitiis
433 3877 458 3928 F
476 3878 499 3944 (s
517 3876 598 3927 deleta
617 3877 662 3942 est)
681 3876 822 3948 exercitum
845 3874 920 3925 Orell.
941 3874 1044 3925 Mriser.
1070 3905 1102 3911 —
1124 3874 1164 3925 19.
1189 3890 1248 3939 pars
1267 3873 1316 3923 aliu
1334 3873 1356 3923 F
1375 3875 1403 3933 cf.

1337 3998 1349 4014 Ἰ

1352 4028 1404 4047 Ι--

284 4002 320 4054 Π.
339 4000 383 4055 38.
404 4031 437 4037 -
457 3999 500 4053 20.
520 3966 603 4067 perdia
624 4001 658 4067 [et
669 4001 801 4052 Perusiam
813 4017 842 4051 ac
851 4000 992 4065 Mutinam]
1007 3997 1151 4049 (incitarem.
1173 4028 1204 4033 -
1215 3996 1343 4047 clandii'rl

284 4088 325 4141 22.
350 4096 437 4163 cesare
461 4087 504 4141 Fl.
532 4119 564 4126 —
584 4088 632 4140 24.
658 4089 751 4140 othone
777 4087 818 4140 1²1.
846 4119 879 4125 —
899 4089 967 4153 teplo
987 4088 1016 4138 F.
1045 4117 1076 4124 -
1096 4086 1138 4139 30.
1164 4086 1283 4151 principii
1302 4087 1406 4138 Imelius

286 4176 393 4249 multus
411 4179 442 4229 F.
464 4208 497 4215 —
516 4180 586 4229 nuria
604 4177 646 4228 F1.
