3409 4909
261 507 287 555 p.
307 489 353 540 Ch.
374 488 419 554 70)
595 505 823 548 nrsronraauu
843 488 900 548 IV.
923 486 1051 547 39-41.
1326 487 1382 547 181

262 674 387 734 Pisonis
428 693 558 753 quoque
583 664 755 735 ‘memoria
796 674 1017 735 celebraretur.
1061 675 1170 734 Patres
1209 678 1384 753 utrumque

261 772 398 832 iussere:
427 771 466 832 dc
494 772 609 833 Pisone
630 772 758 834 irritum
781 770 851 832 fuit.
881 772 965 831 Tum
987 776 1071 832 sorte
1093 771 1196 848 ducti,
1225 791 1282 850 per
1303 790 1384 850 quos

262 870 471 931 redderentur
492 869 576 931 bello
597 874 706 949 rapta,
728 870 849 950 quique
868 889 941 930 aera
954 870 1062 947 legum
1077 874 1238 931 vetustate
1253 869 1385 948 delapsa

261 974 430 1029 noscerent
452 968 646 1045 figerentque
668 973 700 1029 et
720 967 819 1029 fastos
838 968 1025 1030 adulatione
1040 973 1224 1046 temporum
1239 967 1384 1028 foedatos

226 1077 243 1129 5
262 1070 474 1127 exonerarent
498 1066 698 1145 modumque
720 1065 860 1144 publicis
881 1066 1025 1145 inpensis
1047 1066 1197 1127 facerent.
1227 1065 1385 1126 Redditur

263 1163 370 1223 Tettio
394 1163 523 1224 Iuliano
545 1169 711 1242 praetura,
740 1169 914 1244 postquam
934 1164 1082 1241 'cognitus
1104 1168 1152 1225 est
1173 1164 1214 1224 ad
1235 1164 1385 1243 Vespasi-

263 1280 364 1321 anum
385 1261 581 1338 confugisse:
604 1260 728 1340 Gripho
750 1261 853 1323 honor
875 1263 1003 1323 mansit.
1027 1262 1140 1341 Repeti
1161 1262 1236 1322 inde
1254 1261 1385 1339 cogniti-

263 1378 358 1419 onem
386 1359 470 1419 inter
499 1359 686 1420 Musonium
709 1359 831 1421 Rufum
852 1365 885 1420 et
906 1360 1059 1434 Publium
1081 1359 1224 1420 Celerem
1245 1358 1384 1439 placuit,

263 1455 502 1535 damnatusque
520 1455 654 1516 Publius
670 1461 702 1517 et
716 1456 830 1517 Sorani
844 1457 996 1518 manibus
1012 1456 1221 1518 satisfactum.
1245 1457 1386 1534 Insignis

207 1565 243 1619 10
262 1553 394 1632 publica
424 1554 593 1615 severitate
624 1553 692 1615 dies
724 1574 764 1615 ne
795 1556 949 1634 privatim
981 1555 1113 1633 quidem
1145 1555 1241 1616 laude
1273 1555 1384 1616 caruit.

263 1651 390 1711 Iustam
425 1652 606 1713 uindictam
644 1653 789 1730 explesse
828 1653 998 1713 Musonius
1034 1653 1219 1714 videbatur:
1259 1652 1387 1713 diversa

262 1750 351 1811 fama
375 1751 538 1812 Demetrio
561 1751 717 1829 Cynicam
738 1756 858 1812 sectam
880 1752 1038 1831 professe,
1067 1751 1155 1831 quod
1176 1750 1385 1811 manifestum

262 1867 355 1909 reum
384 1848 586 1909 ambitiosius
615 1868 713 1928 quam
742 1849 909 1910 honestius
937 1849 1147 1926 defendisset;
1179 1849 1242 1927 ipsi
1269 1847 1387 1909 Publio

263 1966 369 2026 neque
398 1947 527 2007 animus
554 1947 588 2006 in
610 1946 761 2026 periculis
782 1966 887 2024 neque
909 1948 1009 2007 oratio
1032 1946 1260 2026 subpeditavit.
1289 1946 1387 2022 Signo

208 2056 243 2108 15
263 2044 398 2105 ultionis
427 2046 461 2105 in
490 2050 689 2105 accusatores
718 2044 809 2121 dato,
838 2046 932 2123 petiit
959 2065 978 2106 a
1003 2046 1137 2106 Caesare
1159 2045 1273 2105 Iunius
1297 2045 1386 2105 Mau-

263 2143 365 2220 ricuS,
394 2148 431 2203 ut
458 2143 764 2203 commentariorum
792 2129 1238 2222 principalium'potestatem
1260 2142 1387 2202 senatui

263 2240 397 2318 faceret,
425 2259 482 2319 per
509 2258 590 2319 quos
618 2246 777 2318 nosceret,
807 2236 903 2320 quem
933 2242 1070 2320 quisque
1091 2240 1310 2302 accusandum
1331 2258 1386 2318 po-

264 2337 434 2415 poscisset:
466 2336 702 2396 consulendum
732 2335 791 2397 tali
819 2356 915 2415 super
942 2356 975 2397 re
1003 2337 1183 2415 principem
1210 2335 1385 2414 respondit.

264 2434 400 2494 Senatus
437 2433 666 2494 inchoantibus
704 2434 899 2513 primoribus
935 2435 986 2494 ius
1016 2433 1192 2493 iurandum
1224 2433 1386 2511 concepit,
1401 2438 1438 2498 41

207 2542 245 2597 20
265 2550 329 2610 quo
351 2532 498 2591 certatim
520 2550 631 2591 omnes
653 2532 875 2609 magistratus,
898 2534 1009 2607 ceteri,
1032 2536 1069 2590 ut
1090 2531 1283 2591 sententiam
1298 2550 1387 2605 roga-

264 2628 398 2705 bantur,
427 2629 504 2689 deos
531 2634 627 2690 testes
656 2629 860 2691 advocabant
885 2630 968 2689 nihil
990 2649 1050 2707 ope
1072 2647 1131 2688 sua
1152 2627 1292 2703 factum,
1322 2646 1386 2706 quo

265 2727 458 2805 cuiusquam
486 2727 573 2787 salus
601 2727 796 2805 laederetur,
825 2747 930 2806 neque
952 2746 984 2787 se
1006 2727 1187 2806 praemium
1210 2731 1266 2786 aut
1288 2726 1387 2785 hono-

264 2844 332 2884 rem
361 2844 401 2885 ex
429 2823 612 2885 calamitate
642 2825 762 2885 civium
792 2825 929 2904 cepisse,
961 2824 1095 2902 trepidis
1124 2829 1155 2884 et
1182 2823 1281 2885 verba
1308 2822 1387 2883 iuris

264 2921 395 2983 iurandi
415 2942 473 3001 per
493 2923 598 2984 varias
620 2928 703 2983 artes
725 2923 944 2997 mutantibus
967 2923 1039 3001 quis
1062 2922 1175 2998 flagitii
1193 2920 1388 2981 conscientia

207 3034 244 3088 25
264 3021 376 3081 inerat.
410 3020 594 3081 Probabant
625 3020 812 3097 religionem
840 3025 962 3099 patres,
994 3020 1171 3098 periurium
1203 3018 1386 3096 arguebant.

266 3119 378 3197 anue
408 3119 499 3179 velut
528 3138 664 3179 censura
693 3119 729 3178 in
759 3118 962 3179 Sariolenum
995 3117 1153 3178 Voculam
1186 3121 1217 3177 et
1245 3117 1388 3176 Nonium

266 3217 435 3277 Attianum
469 3222 500 3277 et
531 3217 674 3277 Cestium
706 3217 861 3277 Severum
893 3216 1045 3277 acerrime
1072 3215 1237 3291 incubuit,
1270 3214 1387 3275 crebris

265 3313 354 3393 apud
382 3315 544 3375 Neronem
573 3313 789 3375 delationibus
818 3313 974 3374 famosos:
1004 3312 1205 3374 Sariolenum
1228 3315 1260 3371 et
1279 3330 1388 3372 recens

265 3412 388 3472 crimen
410 3412 560 3490 urgebat,
590 3411 677 3491 quod
699 3411 786 3491 apud
809 3411 979 3471 Vitellium
1000 3411 1134 3471 molitus
1157 3409 1269 3469 eadem
1290 3409 1372 3469 foret
1379 3430 1386 3486 3

211 3528 246 3583 30
266 3529 325 3570 nec
354 3509 478 3571 destitit
506 3515 636 3570 senatus
664 3528 781 3570 manus
809 3510 968 3570 intentare
989 3508 1148 3583 Voculae,
1178 3507 1279 3568 donec
1300 3508 1389 3567 curia
1457 3559 1460 3569 .

301 3761 325 3813 2.
346 3763 435 3828 pisone
445 3763 475 3814 F.
497 3793 528 3801 -
540 3765 564 3813 5.
584 3770 757 3813 exonorarent
767 3761 797 3811 F.
818 3788 851 3797 -
863 3761 886 3811 7.
906 3760 1052 3825 cognitione
1061 3760 1091 3809 F.
1104 3789 1136 3795 -
1147 3758 1172 3810 8.
1184 3721 1301 3808 indsoniir
1311 3757 1341 3807 F.
1355 3786 1387 3793 —

267 3851 308 3905 10.
337 3852 438 3903 cauruit
462 3854 491 3917 ef.
519 3851 614 3904 isaia
638 3851 668 3901 F.
699 3851 793 3900 -11.
821 3849 915 3899 iustam
935 3848 1075 3898 uindictam
1094 3846 1190 3897 Meiaer
1207 3846 1304 3896 instirm
1322 3845 1388 3894 iudi·

264 3942 306 3991 cia
325 3941 347 3991 F
365 3941 382 3991 i.
403 3942 517 3991 officium
536 3940 615 4006 Nipp.
649 3969 681 3976 —
703 3938 743 3989 12.
774 3936 843 4006 (de)
864 3936 997 3987 Demetrio
1017 3935 1144 3986 Heraeus.
1175 3964 1207 3970 —
1229 3934 1269 3985 13.
1299 3933 1389 3983 abitio·

265 4028 318 4078 sius
342 4028 372 4080 F.
405 4059 434 4066 —
457 4029 497 4079 14.
528 4043 584 4091 am3
610 4026 652 4078 Fl.
683 4027 777 4078 -15,
807 4025 917 4075 muricus
937 4025 966 4075 F.
997 4025 1091 4075 -17,
1119 4024 1214 4073 faceret
1233 4026 1283 4099 qu}
1302 4022 1389 4088 perF

266 4119 328 4195 (ηυξ
346 4118 393 4169 del.
412 4119 464 4186 cst).
487 4117 578 4169 -18,
599 4117 656 4167 talis
674 4118 704 4167 F.
727 4146 757 4153 -
780 4114 820 4167 19.
836 4100 923 4189 {cepit
941 4115 971 4164 F.
993 4144 1024 4150 —
1044 4110 1086 4164 23.
1112 4112 1219 4177 cepisset
1238 4111 1267 4161 F.
1293 4140 1325 4146 -
1345 4108 1390 4160 ⁶24.

264 4206 371 4274 flagitiis
389 4205 431 4257 F1.
452 4236 485 4243 —
504 4206 547 4258 25.
568 4205 723 4271 sarguebant
741 4204 771 4255 F.
793 4234 825 4241 -
845 4202 887 4255 30.
906 4202 984 4253 destit
1001 4201 1031 4251 F.
1052 4230 1086 4237 -
1106 4201 1250 4250 Intentaret
1268 4197 1310 4249 Fl.
