3409 4909
767 491 908 534 connum
930 492 1041 534 raeiri
1316 480 1350 543 (a.
1371 495 1395 529 u.
1416 477 1467 532 822

683 1136 923 1221 ΟΟΗΝΕΗ
950 1136 1130 1219 ΤΑΟΙΤΙ

565 1332 843 1411 HISTO
866 1332 1030 1411 RIA
1052 1334 1103 1411 R
1125 1334 1174 1411 U
1197 1335 1252 1411 M

755 1544 868 1595 LIBER
887 1544 1059 1596 TERTIUS.

386 1843 519 1904 Meliore
546 1843 613 1904 fato
641 1843 769 1923 fideque
797 1845 940 1923 partium
962 1844 1193 1906 Flavianarum
1215 1844 1312 1905 duces
1335 1844 1468 1906 consilia

346 1941 424 2002 belli
455 1941 646 2003 tractabant.
685 1942 915 2003 Poetovionem
946 1942 981 2003 in
1011 1942 1148 2004 hiberna
1178 1942 1292 2004 tertiae
1325 1942 1468 2004 decimae

346 2039 480 2117 legionis
502 2044 736 2101 convenerant:
757 2040 825 2101 illic
846 2041 1022 2118 agitavere,
1044 2040 1226 2120 placeretne
1248 2039 1374 2102 obstrui
1389 2042 1468 2102 Pan-

346 2138 463 2198 noniae
492 2138 607 2216 Alpes,
635 2137 737 2199 donec
766 2159 785 2199 a
812 2143 900 2216 tergo
929 2139 1012 2200 vires
1033 2139 1203 2199 universae
1225 2144 1468 2217 consurgerent,

347 2255 390 2296 an
423 2235 469 2296 ire
501 2236 682 2297 comminus
715 2241 747 2297 et
778 2241 898 2297 certare
929 2256 987 2315 pro
1018 2235 1115 2297 ltalia
1146 2235 1348 2297 constantius
1380 2236 1500 2300 foreto

347 2333 472 2405 Quibus
500 2334 641 2413 opperiri
669 2334 792 2395 auxilia
820 2340 852 2396 et
879 2334 1006 2396 trahere
1030 2333 1154 2395 bellum
1175 2334 1365 2412 videbatur,
1396 2334 1470 2395 Ger·

346 2432 548 2492 manicarum
575 2432 740 2509 legionum
768 2432 836 2493 vim
865 2431 1051 2510 famamque
1077 2431 1292 2509 extollebant,
1322 2437 1355 2493 et
1375 2430 1470 2493 adve-

346 2530 432 2590 nisse
462 2549 539 2590 mox
568 2548 644 2590 cum
671 2529 808 2590 Vitellio
832 2530 1011 2590 Britannici
1039 2530 1198 2591 exercitus
1226 2528 1358 2590 robora:
1391 2529 1469 2608 ipsis

347 2647 406 2688 nec
431 2646 605 2688 numerum
633 2646 743 2705 parem
771 2626 941 2706 pulsarum
968 2646 1071 2705 nuper
1095 2627 1261 2704 legionum
1268 2646 1275 2703 3
1304 2630 1337 2687 et
1358 2645 1471 2705 quam·

347 2744 447 2804 quam
474 2725 623 2786 atrociter
646 2724 869 2804 loquerentur,
898 2724 1056 2785 minorem
1078 2742 1146 2785 esse
1167 2722 1255 2802 apud
1276 2722 1380 2784 victos
1404 2724 1469 2784 ani·
1489 2736 1519 2791 10

346 2841 448 2882 mum.
479 2821 540 2883 Sed
572 2821 702 2882 insessis
733 2822 864 2882 interim
893 2820 1032 2900 Alpibus
1061 2825 1235 2882 venturum
1264 2839 1340 2881 curn
1369 2820 1471 2898 copiis

348 2919 487 2981 Orientis
528 2919 734 2997 Mucianum,
778 2938 942 2998 superesse
981 2919 1187 2998 Vespaniano
1227 2937 1315 2979 mare
1354 2919 1472 2980 classes

238 3045 242 3054 ·
347 3017 456 3078 studia
483 3018 739 3096 provinciarum,
771 3037 827 3096 per
855 3036 938 3097 quae
966 3016 1056 3078 velut
1083 3016 1215 3077 alterius
1243 3014 1322 3076 belli
1351 3016 1472 3077 molem

348 3114 452 3177 cieret.
481 3115 534 3176 Ita
560 3114 683 3175 salubri
711 3134 801 3176 mora
825 3133 927 3176 novas
948 3114 1032 3176 vires
1054 3114 1179 3191 adfore,
1208 3132 1225 3174 e
1246 3114 1472 3192 praesentibus

314 3212 431 3275 2nihil
451 3212 640 3291 periturum.
666 3212 718 3272 Ad
739 3231 776 3273 ea
798 3213 961 3273 Antonius
982 3212 1111 3272 Primus
1133 3212 1173 3289 (is
1195 3210 1371 3272 acerrimus
1393 3210 1472 3272 belli
1491 3227 1521 3280 15

347 3309 538 3388 concitator)
555 3309 782 3387 festinationem
803 3310 879 3389 ipsis
899 3310 1020 3386 utilem,
1054 3308 1174 3370 Vitellio
1195 3308 1351 3369 exitiosum
1372 3306 1472 3369 disse·

347 3408 421 3469 ruit.
450 3408 527 3468 Plua
552 3408 702 3468 socordiae
730 3428 820 3486 quam
843 3407 977 3487 fiduciae
1003 3408 1153 3468 accersisse
1172 3405 1339 3467 uictoribus.
1370 3407 1473 3485 Neque

348 3507 429 3567 caim
456 3507 491 3566 ia
514 3505 672 3585 procinctu
699 3514 726 3566 et
750 3506 856 3565 caetris
876 3504 1009 3565 babitus:
1035 3503 1091 3583 per
1112 3503 1216 3564 ornata
1236 3502 1352 3563 Italiae
1372 3502 1473 3563 mani-

347 3604 429 3683 cipio
464 3604 592 3682 dmtdee,
632 3611 751 3663 tantum
782 3602 947 3681 boapttibua
978 3600 1162 3678 metuendos,
1202 3607 1314 3679 quanto
1342 3600 1474 3678 ferocius

348 3710 418 3761 cate
447 3721 476 3762 ae
505 3701 632 3779 aperiat,
666 3708 750 3761 tanto
782 3699 923 3778 cupidius
953 3699 1092 3760 insolitae
1121 3698 1287 3776 uoluptates
1317 3697 1472 3772 haustam·
1490 3714 1523 3769 20

384 3926 408 3977 5.
435 3924 551 3975 comunis
576 3942 638 3975 corr.
664 3943 692 3975 ea
716 3932 840 3976 comunus
865 3924 895 3975 F.
922 3953 954 3961 -
976 3923 1017 3974 14.
1041 3922 1154 3990 eNt'pp.
1175 3930 1201 3973 et
1219 3922 1242 3973 F
1260 3923 1290 3987 cs.
1306 3940 1335 3988 p.
1355 3920 1430 3985 86.6‚
1456 3922 1472 3971 l.

349 4013 401 4064 III.
428 4012 462 4065 69
487 4013 565 4077 med„
591 4013 640 4064 IV.
667 4012 713 4077 18,
739 4012 788 4064 IV.
809 4012 850 4065 56.
870 4012 933 4063 ared.
963 4042 997 4050 —
1017 4012 1058 4065 16.
1087 4011 1229 4063 concitator
1246 4011 1301 4061 cdd.
1321 4028 1372 4077 aeq.
1392 4010 1474 4062 conci·

349 4110 405 4152 ator
429 4101 452 4152 F
477 4102 590 4152 conciter
618 4100 693 4153 Orell.
720 4101 844 4169 (consitor
872 4102 990 4168 scriptura
1018 4107 1052 4151 cs!
1073 4119 1101 4167 p.
1128 4099 1219 4163 3726,
1247 4099 1297 4151 IV.
1327 4100 1375 4163 56,
1404 4101 1473 4150 Ann.

348 4189 418 4243 428.
439 4222 472 4228 —
492 4190 535 4244 ⁸20.
556 4199 632 4241 antea
651 4190 751 4257 egerint
769 4190 878 4241 molebat
897 4190 976 4257 Nipp.
