<?xml version="1.0" encoding="UTF-8"?>
<!DOCTYPE html PUBLIC "-//W3C//DTD XHTML 1.0 Transitional//EN"
    "http://www.w3.org/TR/xhtml1/DTD/xhtml1-transitional.dtd">
<html xmlns="http://www.w3.org/1999/xhtml" xml:lang="en" lang="en">
 <head>
  <title>
</title>
<meta http-equiv="Content-Type" content="text/html;charset=utf-8" />
  <meta name='ocr-system' content='tesseract 3.04.00' />
  <meta name='ocr-capabilities' content='ocr_page ocr_carea ocr_par ocr_line ocrx_word'/>
</head>
<body>
  <div class='ocr_page' id='page_1' title='image "./historiaecumfra00vliegoog_0161.png"; bbox 0 0 3409 4909; ppageno 0'>
   <div class='ocr_carea' id='block_1_1' title="bbox 227 478 1359 546">
    <p class='ocr_par' dir='ltr' id='par_1_1' title="bbox 227 478 1359 546">
     <span class='ocr_line' id='line_1_1' title="bbox 227 478 1359 546; baseline 0.011 -16"><span class='ocrx_word' id='word_1_1' title='bbox 227 497 257 546; x_wconf 88' lang='lat' dir='ltr'>p.</span> <span class='ocrx_word' id='word_1_2' title='bbox 279 478 332 531; x_wconf 86' lang='lat' dir='ltr'>ch.</span> <span class='ocrx_word' id='word_1_3' title='bbox 352 479 396 545; x_wconf 84' lang='lat'>69)</span> <span class='ocrx_word' id='word_1_4' title='bbox 572 495 799 539; x_wconf 76' lang='lat' dir='ltr'>nrsroamami</span> <span class='ocrx_word' id='word_1_5' title='bbox 821 479 882 539; x_wconf 88' lang='grc' dir='ltr'>ΙΙΙ.</span> <span class='ocrx_word' id='word_1_6' title='bbox 905 478 1032 543; x_wconf 81' lang='grc'>70-73.</span> <span class='ocrx_word' id='word_1_7' title='bbox 1302 480 1359 543; x_wconf 80' lang='grc'>147</span> 
     </span>
    </p>
   </div>
   <div class='ocr_carea' id='block_1_2' title="bbox 188 664 1415 3479">
    <p class='ocr_par' dir='ltr' id='par_1_2' title="bbox 231 664 1413 1039">
     <span class='ocr_line' id='line_1_2' title="bbox 275 664 1413 744; baseline 0.003 -19"><span class='ocrx_word' id='word_1_8' title='bbox 275 664 318 725; x_wconf 93' lang='lat' dir='ltr'>Id</span> <span class='ocrx_word' id='word_1_9' title='bbox 346 664 472 726; x_wconf 89' lang='lat' dir='ltr'>facinus</span> <span class='ocrx_word' id='word_1_10' title='bbox 500 671 573 744; x_wconf 91' lang='lat' dir='ltr'>post</span> <span class='ocrx_word' id='word_1_11' title='bbox 593 665 759 728; x_wconf 91' lang='lat' dir='ltr'>conditam</span> <span class='ocrx_word' id='word_1_12' title='bbox 780 667 893 727; x_wconf 88' lang='lat' dir='ltr'>urbem</span> <span class='ocrx_word' id='word_1_13' title='bbox 915 665 1195 727; x_wconf 86' lang='lat' dir='ltr'>luctuosissimum</span> <span class='ocrx_word' id='word_1_14' title='bbox 1216 665 1359 727; x_wconf 85' lang='lat' dir='ltr'>foedissi-</span> <span class='ocrx_word' id='word_1_15' title='bbox 1374 667 1413 732; x_wconf 84' lang='lat'>72</span> 
     </span>
     <span class='ocr_line' id='line_1_3' title="bbox 231 762 1360 843; baseline 0.002 -20"><span class='ocrx_word' id='word_1_16' title='bbox 231 781 395 841; x_wconf 90' lang='lat' dir='ltr'>mumque</span> <span class='ocrx_word' id='word_1_17' title='bbox 421 762 637 843; x_wconf 87' lang='lat' dir='ltr'>reipublicae</span> <span class='ocrx_word' id='word_1_18' title='bbox 658 763 772 843; x_wconf 89' lang='lat' dir='ltr'>populi</span> <span class='ocrx_word' id='word_1_19' title='bbox 793 764 931 824; x_wconf 89' lang='lat' dir='ltr'>Romani</span> <span class='ocrx_word' id='word_1_20' title='bbox 954 763 1086 840; x_wconf 90' lang='lat' dir='ltr'>accidit,</span> <span class='ocrx_word' id='word_1_21' title='bbox 1115 762 1206 824; x_wconf 88' lang='lat' dir='ltr'>nullo</span> <span class='ocrx_word' id='word_1_22' title='bbox 1228 770 1360 825; x_wconf 87' lang='lat' dir='ltr'>externo</span> 
     </span>
     <span class='ocr_line' id='line_1_4' title="bbox 232 860 1360 941; baseline 0.002 -21"><span class='ocrx_word' id='word_1_23' title='bbox 232 860 347 939; x_wconf 87' lang='lat' dir='ltr'>hoste,</span> <span class='ocrx_word' id='word_1_24' title='bbox 375 861 539 940; x_wconf 87' lang='lat' dir='ltr'>propitiis,</span> <span class='ocrx_word' id='word_1_25' title='bbox 569 861 596 922; x_wconf 90' lang='lat' dir='ltr'>si</span> <span class='ocrx_word' id='word_1_26' title='bbox 623 882 680 941; x_wconf 85' lang='lat' dir='ltr'>per</span> <span class='ocrx_word' id='word_1_27' title='bbox 707 881 812 923; x_wconf 86' lang='lat' dir='ltr'>mores</span> <span class='ocrx_word' id='word_1_28' title='bbox 838 867 964 923; x_wconf 89' lang='lat' dir='ltr'>nostros</span> <span class='ocrx_word' id='word_1_29' title='bbox 986 861 1110 937; x_wconf 90' lang='lat' dir='ltr'>liceret,</span> <span class='ocrx_word' id='word_1_30' title='bbox 1140 861 1223 939; x_wconf 82' lang='lat' dir='ltr'>deis,</span> <span class='ocrx_word' id='word_1_31' title='bbox 1251 862 1360 924; x_wconf 87' lang='lat' dir='ltr'>sedem</span> 
     </span>
     <span class='ocr_line' id='line_1_5' title="bbox 233 958 1360 1039; baseline 0.001 -20"><span class='ocrx_word' id='word_1_32' title='bbox 233 958 326 1019; x_wconf 88' lang='lat' dir='ltr'>Iovis</span> <span class='ocrx_word' id='word_1_33' title='bbox 354 958 483 1038; x_wconf 87' lang='lat' dir='ltr'>Optimi</span> <span class='ocrx_word' id='word_1_34' title='bbox 506 959 644 1020; x_wconf 84' lang='lat' dir='ltr'><strong>Maximi</strong></span> <span class='ocrx_word' id='word_1_35' title='bbox 669 960 835 1039; x_wconf 88' lang='lat' dir='ltr'>auspicato</span> <span class='ocrx_word' id='word_1_36' title='bbox 858 980 877 1020; x_wconf 92' lang='lat' dir='ltr'>a</span> <span class='ocrx_word' id='word_1_37' title='bbox 898 960 1074 1022; x_wconf 87' lang='lat' dir='ltr'>maioribus</span> <span class='ocrx_word' id='word_1_38' title='bbox 1096 960 1212 1039; x_wconf 84' lang='lat' dir='ltr'>pignus</span> <span class='ocrx_word' id='word_1_39' title='bbox 1233 960 1360 1039; x_wconf 91' lang='lat' dir='ltr'>imperii</span> 
     </span>
    </p>

    <p class='ocr_par' dir='ltr' id='par_1_3' title="bbox 195 1056 1361 1528">
     <span class='ocr_line' id='line_1_6' title="bbox 195 1056 1361 1136; baseline 0.002 -20"><span class='ocrx_word' id='word_1_40' title='bbox 195 1056 419 1132; x_wconf 85' lang='lat' dir='ltr'>5conditam‚</span> <span class='ocrx_word' id='word_1_41' title='bbox 459 1077 559 1136; x_wconf 90' lang='lat' dir='ltr'>quam</span> <span class='ocrx_word' id='word_1_42' title='bbox 598 1077 663 1119; x_wconf 89' lang='lat' dir='ltr'>non</span> <span class='ocrx_word' id='word_1_43' title='bbox 695 1059 858 1119; x_wconf 83' lang='lat' dir='ltr'><strong>Porsenna</strong></span> <span class='ocrx_word' id='word_1_44' title='bbox 889 1057 999 1118; x_wconf 91' lang='lat' dir='ltr'>dedita</span> <span class='ocrx_word' id='word_1_45' title='bbox 1030 1056 1108 1118; x_wconf 89' lang='lat' dir='ltr'>urbe</span> <span class='ocrx_word' id='word_1_46' title='bbox 1139 1076 1243 1136; x_wconf 88' lang='lat' dir='ltr'>neque</span> <span class='ocrx_word' id='word_1_47' title='bbox 1275 1057 1361 1118; x_wconf 87' lang='lat' dir='ltr'>Galli</span> 
     </span>
     <span class='ocr_line' id='line_1_7' title="bbox 234 1156 1361 1235; baseline 0.002 -20"><span class='ocrx_word' id='word_1_48' title='bbox 234 1160 335 1232; x_wconf 90' lang='lat' dir='ltr'>capta</span> <span class='ocrx_word' id='word_1_49' title='bbox 354 1159 509 1216; x_wconf 87' lang='lat' dir='ltr'>temerare</span> <span class='ocrx_word' id='word_1_50' title='bbox 530 1156 727 1234; x_wconf 86' lang='lat' dir='ltr'>potuissent,</span> <span class='ocrx_word' id='word_1_51' title='bbox 750 1156 855 1217; x_wconf 85' lang='lat' dir='ltr'>furore</span> <span class='ocrx_word' id='word_1_52' title='bbox 870 1157 1055 1235; x_wconf 79' lang='lat' dir='ltr'>principum</span> <span class='ocrx_word' id='word_1_53' title='bbox 1070 1156 1208 1217; x_wconf 86' lang='lat' dir='ltr'>excindi.</span> <span class='ocrx_word' id='word_1_54' title='bbox 1231 1157 1361 1217; x_wconf 87' lang='lat' dir='ltr'>Arserat</span> 
     </span>
     <span class='ocr_line' id='line_1_8' title="bbox 235 1252 1361 1333; baseline 0.002 -21"><span class='ocrx_word' id='word_1_55' title='bbox 235 1258 271 1313; x_wconf 89' lang='lat' dir='ltr'>et</span> <span class='ocrx_word' id='word_1_56' title='bbox 297 1257 374 1313; x_wconf 88' lang='lat' dir='ltr'>ante</span> <span class='ocrx_word' id='word_1_57' title='bbox 401 1252 599 1331; x_wconf 82' lang='lat' dir='ltr'>Capitolium</span> <span class='ocrx_word' id='word_1_58' title='bbox 627 1254 715 1315; x_wconf 89' lang='lat' dir='ltr'>civili</span> <span class='ocrx_word' id='word_1_59' title='bbox 743 1253 842 1332; x_wconf 90' lang='lat' dir='ltr'>bello,</span> <span class='ocrx_word' id='word_1_60' title='bbox 875 1254 931 1315; x_wconf 89' lang='lat' dir='ltr'>sed</span> <span class='ocrx_word' id='word_1_61' title='bbox 960 1254 1072 1314; x_wconf 84' lang='lat' dir='ltr'>fraude</span> <span class='ocrx_word' id='word_1_62' title='bbox 1100 1254 1241 1333; x_wconf 88' lang='lat' dir='ltr'>privata:</span> <span class='ocrx_word' id='word_1_63' title='bbox 1274 1273 1361 1314; x_wconf 92' lang='lat' dir='ltr'>nunc</span> 
     </span>
     <span class='ocr_line' id='line_1_9' title="bbox 235 1348 1361 1431; baseline 0.002 -22"><span class='ocrx_word' id='word_1_64' title='bbox 235 1348 348 1429; x_wconf 91' lang='lat' dir='ltr'>palam</span> <span class='ocrx_word' id='word_1_65' title='bbox 370 1349 553 1428; x_wconf 87' lang='lat' dir='ltr'>obsessum,</span> <span class='ocrx_word' id='word_1_66' title='bbox 575 1350 684 1429; x_wconf 90' lang='lat' dir='ltr'>palam</span> <span class='ocrx_word' id='word_1_67' title='bbox 705 1351 891 1427; x_wconf 89' lang='lat' dir='ltr'>incensum,</span> <span class='ocrx_word' id='word_1_68' title='bbox 914 1351 1032 1431; x_wconf 88' lang='lat' dir='ltr'>quibus</span> <span class='ocrx_word' id='word_1_69' title='bbox 1055 1371 1218 1413; x_wconf 88' lang='lat' dir='ltr'>armorum</span> <span class='ocrx_word' id='word_1_70' title='bbox 1234 1352 1361 1412; x_wconf 84' lang='lat' dir='ltr'>causis?</span> 
     </span>
     <span class='ocr_line' id='line_1_10' title="bbox 235 1446 1359 1528; baseline 0 -21"><span class='ocrx_word' id='word_1_71' title='bbox 235 1446 311 1517; x_wconf 80' lang='lat' dir='ltr'>Quo</span> <span class='ocrx_word' id='word_1_72' title='bbox 330 1452 439 1509; x_wconf 80' lang='lat' dir='ltr'>tantae</span> <span class='ocrx_word' id='word_1_73' title='bbox 460 1447 561 1509; x_wconf 90' lang='lat' dir='ltr'>cladis</span> <span class='ocrx_word' id='word_1_74' title='bbox 580 1449 706 1528; x_wconf 85' lang='lat' dir='ltr'>pretio?</span> <span class='ocrx_word' id='word_1_75' title='bbox 727 1449 816 1511; x_wconf 86' lang='lat' dir='ltr'>stetit</span> <span class='ocrx_word' id='word_1_76' title='bbox 831 1448 950 1527; x_wconf 79' lang='lat' dir='ltr'>&lt;dum&gt;</span> <span class='ocrx_word' id='word_1_77' title='bbox 966 1468 1024 1527; x_wconf 89' lang='lat' dir='ltr'>pro</span> <span class='ocrx_word' id='word_1_78' title='bbox 1039 1449 1143 1527; x_wconf 88' lang='lat' dir='ltr'>patria</span> <span class='ocrx_word' id='word_1_79' title='bbox 1157 1448 1359 1509; x_wconf 75' lang='lat' dir='ltr'>bellavimus.</span> 
     </span>
    </p>

    <p class='ocr_par' dir='ltr' id='par_1_4' title="bbox 188 1545 1361 2017">
     <span class='ocr_line' id='line_1_11' title="bbox 188 1545 1360 1626; baseline 0.002 -22"><span class='ocrx_word' id='word_1_80' title='bbox 188 1560 216 1615; x_wconf 80' lang='grc' dir='ltr'>[ο</span> <span class='ocrx_word' id='word_1_81' title='bbox 236 1545 381 1605; x_wconf 88' lang='lat' dir='ltr'>Voverat</span> <span class='ocrx_word' id='word_1_82' title='bbox 394 1546 588 1625; x_wconf 85' lang='lat' dir='ltr'>Tarquinius</span> <span class='ocrx_word' id='word_1_83' title='bbox 602 1547 730 1607; x_wconf 83' lang='lat' dir='ltr'>Priscus</span> <span class='ocrx_word' id='word_1_84' title='bbox 745 1565 802 1608; x_wconf 86' lang='lat' dir='ltr'>rex</span> <span class='ocrx_word' id='word_1_85' title='bbox 816 1546 902 1607; x_wconf 90' lang='lat' dir='ltr'>bello</span> <span class='ocrx_word' id='word_1_86' title='bbox 918 1546 1036 1606; x_wconf 92' lang='lat' dir='ltr'>Sabino</span> <span class='ocrx_word' id='word_1_87' title='bbox 1051 1546 1231 1626; x_wconf 80' lang='lat' dir='ltr'>ieceratque</span> <span class='ocrx_word' id='word_1_88' title='bbox 1246 1545 1360 1607; x_wconf 90' lang='lat' dir='ltr'>funda-</span> 
     </span>
     <span class='ocr_line' id='line_1_12' title="bbox 235 1644 1361 1723; baseline 0.003 -21"><span class='ocrx_word' id='word_1_89' title='bbox 235 1648 349 1704; x_wconf 86' lang='lat' dir='ltr'>menta</span> <span class='ocrx_word' id='word_1_90' title='bbox 376 1662 433 1722; x_wconf 87' lang='lat' dir='ltr'>spe</span> <span class='ocrx_word' id='word_1_91' title='bbox 456 1644 558 1722; x_wconf 84' lang='lat' dir='ltr'>magis</span> <span class='ocrx_word' id='word_1_92' title='bbox 579 1644 707 1706; x_wconf 88' lang='lat' dir='ltr'>futurae</span> <span class='ocrx_word' id='word_1_93' title='bbox 728 1644 979 1723; x_wconf 80' lang='lat' dir='ltr'>magnitudinis,</span> <span class='ocrx_word' id='word_1_94' title='bbox 1009 1663 1108 1722; x_wconf 88' lang='lat' dir='ltr'>quam</span> <span class='ocrx_word' id='word_1_95' title='bbox 1130 1664 1194 1723; x_wconf 94' lang='lat' dir='ltr'>quo</span> <span class='ocrx_word' id='word_1_96' title='bbox 1215 1644 1361 1705; x_wconf 88' lang='lat' dir='ltr'>modicae</span> 
     </span>
     <span class='ocr_line' id='line_1_13' title="bbox 235 1739 1361 1820; baseline 0.002 -20"><span class='ocrx_word' id='word_1_97' title='bbox 235 1739 345 1802; x_wconf 88' lang='lat' dir='ltr'>adhuc</span> <span class='ocrx_word' id='word_1_98' title='bbox 373 1741 488 1820; x_wconf 90' lang='lat' dir='ltr'>populi</span> <span class='ocrx_word' id='word_1_99' title='bbox 516 1742 655 1803; x_wconf 85' lang='lat' dir='ltr'>Romani</span> <span class='ocrx_word' id='word_1_100' title='bbox 682 1761 731 1803; x_wconf 89' lang='lat' dir='ltr'>res</span> <span class='ocrx_word' id='word_1_101' title='bbox 760 1742 951 1802; x_wconf 87' lang='lat' dir='ltr'>sufficerent.</span> <span class='ocrx_word' id='word_1_102' title='bbox 981 1740 1059 1802; x_wconf 89' lang='lat' dir='ltr'>Mox</span> <span class='ocrx_word' id='word_1_103' title='bbox 1084 1741 1213 1803; x_wconf 86' lang='lat' dir='ltr'>Servius</span> <span class='ocrx_word' id='word_1_104' title='bbox 1234 1742 1361 1803; x_wconf 85' lang='lat' dir='ltr'>Tullius</span> 
     </span>
     <span class='ocr_line' id='line_1_14' title="bbox 235 1839 1361 1919; baseline 0.001 -19"><span class='ocrx_word' id='word_1_105' title='bbox 235 1839 400 1900; x_wconf 87' lang='lat' dir='ltr'>sociorum</span> <span class='ocrx_word' id='word_1_106' title='bbox 432 1839 556 1918; x_wconf 89' lang='lat' dir='ltr'>studi0,</span> <span class='ocrx_word' id='word_1_107' title='bbox 589 1840 664 1901; x_wconf 88' lang='lat' dir='ltr'>dein</span> <span class='ocrx_word' id='word_1_108' title='bbox 695 1840 891 1919; x_wconf 84' lang='lat' dir='ltr'>Tarquinius</span> <span class='ocrx_word' id='word_1_109' title='bbox 924 1839 1088 1918; x_wconf 85' lang='lat' dir='ltr'>Superbus</span> <span class='ocrx_word' id='word_1_110' title='bbox 1120 1845 1215 1918; x_wconf 89' lang='lat' dir='ltr'>capta</span> <span class='ocrx_word' id='word_1_111' title='bbox 1246 1839 1361 1901; x_wconf 83' lang='lat' dir='ltr'>Suessa</span> 
     </span>
     <span class='ocr_line' id='line_1_15' title="bbox 235 1936 1361 2017; baseline 0.002 -20"><span class='ocrx_word' id='word_1_112' title='bbox 235 1936 387 1998; x_wconf 89' lang='lat' dir='ltr'>Pometia</span> <span class='ocrx_word' id='word_1_113' title='bbox 414 1937 557 1999; x_wconf 91' lang='lat' dir='ltr'>hostium</span> <span class='ocrx_word' id='word_1_114' title='bbox 585 1938 697 2016; x_wconf 88' lang='lat' dir='ltr'>spoliis</span> <span class='ocrx_word' id='word_1_115' title='bbox 725 1944 904 1999; x_wconf 84' lang='lat' dir='ltr'>extruxere.</span> <span class='ocrx_word' id='word_1_116' title='bbox 934 1936 996 2008; x_wconf 86' lang='lat' dir='ltr'>Sed</span> <span class='ocrx_word' id='word_1_117' title='bbox 1022 1937 1122 2015; x_wconf 83' lang='lat' dir='ltr'>gloria</span> <span class='ocrx_word' id='word_1_118' title='bbox 1143 1938 1247 2017; x_wconf 86' lang='lat' dir='ltr'>operis</span> <span class='ocrx_word' id='word_1_119' title='bbox 1269 1938 1361 1999; x_wconf 89' lang='lat' dir='ltr'>liber-</span> 
     </span>
    </p>

    <p class='ocr_par' dir='ltr' id='par_1_5' title="bbox 189 2034 1362 2504">
     <span class='ocr_line' id='line_1_16' title="bbox 189 2034 1361 2114; baseline 0.001 -19"><span class='ocrx_word' id='word_1_120' title='bbox 189 2053 215 2106; x_wconf 80' lang='grc'>15</span> <span class='ocrx_word' id='word_1_121' title='bbox 234 2035 298 2095; x_wconf 88' lang='lat' dir='ltr'>tati</span> <span class='ocrx_word' id='word_1_122' title='bbox 337 2040 513 2096; x_wconf 88' lang='lat' dir='ltr'>reservata:</span> <span class='ocrx_word' id='word_1_123' title='bbox 553 2036 656 2114; x_wconf 88' lang='lat' dir='ltr'>pulsis</span> <span class='ocrx_word' id='word_1_124' title='bbox 695 2035 821 2112; x_wconf 82' lang='lat' dir='ltr'>regibus</span> <span class='ocrx_word' id='word_1_125' title='bbox 861 2036 1016 2096; x_wconf 89' lang='lat' dir='ltr'>Horatius</span> <span class='ocrx_word' id='word_1_126' title='bbox 1053 2034 1212 2096; x_wconf 83' lang='lat' dir='ltr'>Pulvillus</span> <span class='ocrx_word' id='word_1_127' title='bbox 1243 2036 1361 2096; x_wconf 86' lang='lat' dir='ltr'>iterunr</span> 
     </span>
     <span class='ocr_line' id='line_1_17' title="bbox 235 2130 1361 2211; baseline 0.001 -18"><span class='ocrx_word' id='word_1_128' title='bbox 235 2131 354 2193; x_wconf 91' lang='lat' dir='ltr'>consul</span> <span class='ocrx_word' id='word_1_129' title='bbox 381 2130 557 2209; x_wconf 85' lang='lat' dir='ltr'>dedicavit,</span> <span class='ocrx_word' id='word_1_130' title='bbox 586 2152 624 2193; x_wconf 88' lang='lat' dir='ltr'>ea</span> <span class='ocrx_word' id='word_1_131' title='bbox 651 2131 906 2209; x_wconf 87' lang='lat' dir='ltr'>magnificentia,</span> <span class='ocrx_word' id='word_1_132' title='bbox 936 2151 1035 2211; x_wconf 88' lang='lat' dir='ltr'>quam</span> <span class='ocrx_word' id='word_1_133' title='bbox 1062 2132 1228 2193; x_wconf 88' lang='lat' dir='ltr'>inmensae</span> <span class='ocrx_word' id='word_1_134' title='bbox 1249 2137 1361 2211; x_wconf 87' lang='lat' dir='ltr'>postea</span> 
     </span>
     <span class='ocr_line' id='line_1_18' title="bbox 234 2229 1361 2309; baseline 0.002 -20"><span class='ocrx_word' id='word_1_135' title='bbox 234 2229 354 2309; x_wconf 92' lang='lat' dir='ltr'>populi</span> <span class='ocrx_word' id='word_1_136' title='bbox 379 2229 517 2291; x_wconf 88' lang='lat' dir='ltr'>Romani</span> <span class='ocrx_word' id='word_1_137' title='bbox 539 2249 615 2309; x_wconf 91' lang='lat' dir='ltr'>opes</span> <span class='ocrx_word' id='word_1_138' title='bbox 637 2234 789 2291; x_wconf 90' lang='lat' dir='ltr'>ornarent</span> <span class='ocrx_word' id='word_1_139' title='bbox 810 2229 919 2307; x_wconf 88' lang='lat' dir='ltr'>potius</span> <span class='ocrx_word' id='word_1_140' title='bbox 942 2249 1039 2308; x_wconf 90' lang='lat' dir='ltr'>quam</span> <span class='ocrx_word' id='word_1_141' title='bbox 1062 2234 1222 2307; x_wconf 85' lang='lat' dir='ltr'>augerent.</span> <span class='ocrx_word' id='word_1_142' title='bbox 1252 2231 1361 2292; x_wconf 85' lang='lat' dir='ltr'>Isdem</span> 
     </span>
     <span class='ocr_line' id='line_1_19' title="bbox 234 2327 1362 2405; baseline 0.002 -18"><span class='ocrx_word' id='word_1_143' title='bbox 234 2345 350 2387; x_wconf 86' lang='lat' dir='ltr'>rursus</span> <span class='ocrx_word' id='word_1_144' title='bbox 377 2327 520 2403; x_wconf 85' lang='lat' dir='ltr'>vestigiis</span> <span class='ocrx_word' id='word_1_145' title='bbox 548 2327 645 2388; x_wconf 90' lang='lat' dir='ltr'>situm</span> <span class='ocrx_word' id='word_1_146' title='bbox 672 2332 735 2404; x_wconf 87' lang='lat' dir='ltr'>est,</span> <span class='ocrx_word' id='word_1_147' title='bbox 765 2332 939 2405; x_wconf 88' lang='lat' dir='ltr'>postquam</span> <span class='ocrx_word' id='word_1_148' title='bbox 960 2328 1127 2389; x_wconf 88' lang='lat' dir='ltr'>interiecto</span> <span class='ocrx_word' id='word_1_149' title='bbox 1149 2327 1362 2405; x_wconf 82' lang='lat' dir='ltr'>quadringen-</span> 
     </span>
     <span class='ocr_line' id='line_1_20' title="bbox 235 2424 1362 2504; baseline 0.002 -20"><span class='ocrx_word' id='word_1_150' title='bbox 235 2430 348 2485; x_wconf 91' lang='lat' dir='ltr'>torum</span> <span class='ocrx_word' id='word_1_151' title='bbox 376 2424 561 2502; x_wconf 89' lang='lat' dir='ltr'>quindecim</span> <span class='ocrx_word' id='word_1_152' title='bbox 589 2444 750 2486; x_wconf 90' lang='lat' dir='ltr'>annorum</span> <span class='ocrx_word' id='word_1_153' title='bbox 777 2426 882 2504; x_wconf 86' lang='lat' dir='ltr'>spatio</span> <span class='ocrx_word' id='word_1_154' title='bbox 911 2425 944 2486; x_wconf 87' lang='lat' dir='ltr'>L.</span> <span class='ocrx_word' id='word_1_155' title='bbox 974 2425 1123 2503; x_wconf 83' lang='lat' dir='ltr'>Scipione</span> <span class='ocrx_word' id='word_1_156' title='bbox 1151 2426 1184 2486; x_wconf 88' lang='lat' dir='ltr'>C.</span> <span class='ocrx_word' id='word_1_157' title='bbox 1211 2426 1362 2486; x_wconf 84' lang='lat' dir='ltr'>Norbano</span> 
     </span>
    </p>

    <p class='ocr_par' dir='ltr' id='par_1_6' title="bbox 190 2521 1366 2877">
     <span class='ocr_line' id='line_1_21' title="bbox 190 2521 1366 2602; baseline 0 -19"><span class='ocrx_word' id='word_1_158' title='bbox 190 2540 217 2596; x_wconf 69' lang='lat'>20</span> <span class='ocrx_word' id='word_1_159' title='bbox 236 2521 427 2584; x_wconf 87' lang='lat' dir='ltr'>oonsulibus</span> <span class='ocrx_word' id='word_1_160' title='bbox 454 2522 653 2600; x_wconf 85' lang='lat' dir='ltr'>flagraverat.</span> <span class='ocrx_word' id='word_1_161' title='bbox 683 2523 803 2584; x_wconf 83' lang='lat' dir='ltr'>Curam</span> <span class='ocrx_word' id='word_1_162' title='bbox 831 2523 934 2584; x_wconf 86' lang='lat' dir='ltr'>victor</span> <span class='ocrx_word' id='word_1_163' title='bbox 961 2522 1052 2583; x_wconf 89' lang='lat' dir='ltr'>Sulla</span> <span class='ocrx_word' id='word_1_164' title='bbox 1072 2523 1228 2601; x_wconf 87' lang='lat' dir='ltr'>suscepit,</span> <span class='ocrx_word' id='word_1_165' title='bbox 1257 2539 1366 2602; x_wconf 84' lang='lat' dir='ltr'>neque</span> 
     </span>
     <span class='ocr_line' id='line_1_22' title="bbox 236 2618 1362 2698; baseline 0 -18"><span class='ocrx_word' id='word_1_166' title='bbox 236 2625 350 2681; x_wconf 91' lang='lat' dir='ltr'>tamen</span> <span class='ocrx_word' id='word_1_167' title='bbox 371 2618 548 2698; x_wconf 71' lang='lat' dir='ltr'>dedicavit,</span> <span class='ocrx_word' id='word_1_168' title='bbox 577 2620 638 2682; x_wconf 92' lang='lat' dir='ltr'>hoo</span> <span class='ocrx_word' id='word_1_169' title='bbox 659 2621 765 2682; x_wconf 91' lang='lat' dir='ltr'>solum</span> <span class='ocrx_word' id='word_1_170' title='bbox 787 2620 935 2681; x_wconf 86' lang='lat' dir='ltr'>felicitati</span> <span class='ocrx_word' id='word_1_171' title='bbox 956 2621 1024 2681; x_wconf 86' lang='lat' dir='ltr'>cius</span> <span class='ocrx_word' id='word_1_172' title='bbox 1046 2625 1214 2697; x_wconf 84' lang='lat' dir='ltr'>negatum:</span> <span class='ocrx_word' id='word_1_173' title='bbox 1240 2619 1362 2680; x_wconf 91' lang='lat' dir='ltr'>Lutatii</span> 
     </span>
     <span class='ocr_line' id='line_1_23' title="bbox 237 2715 1361 2796; baseline -0.001 -20"><span class='ocrx_word' id='word_1_174' title='bbox 237 2715 348 2777; x_wconf 85' lang='lat' dir='ltr'>Catuli</span> <span class='ocrx_word' id='word_1_175' title='bbox 375 2736 494 2778; x_wconf 92' lang='lat' dir='ltr'>nomen</span> <span class='ocrx_word' id='word_1_176' title='bbox 521 2718 605 2779; x_wconf 90' lang='lat' dir='ltr'>inter</span> <span class='ocrx_word' id='word_1_177' title='bbox 632 2723 724 2779; x_wconf 87' lang='lat' dir='ltr'>tanta</span> <span class='ocrx_word' id='word_1_178' title='bbox 752 2719 925 2779; x_wconf 82' lang='lat' dir='ltr'>Caesarum</span> <span class='ocrx_word' id='word_1_179' title='bbox 955 2736 1052 2796; x_wconf 90' lang='lat' dir='ltr'>opera</span> <span class='ocrx_word' id='word_1_180' title='bbox 1076 2735 1179 2795; x_wconf 87' lang='lat' dir='ltr'>usqne</span> <span class='ocrx_word' id='word_1_181' title='bbox 1200 2716 1241 2777; x_wconf 93' lang='lat' dir='ltr'>ad</span> <span class='ocrx_word' id='word_1_182' title='bbox 1262 2716 1361 2776; x_wconf 81' lang='lat' dir='ltr'>Vitel-</span> 
     </span>
     <span class='ocr_line' id='line_1_24' title="bbox 237 2812 474 2877; baseline 0.013 -4"><span class='ocrx_word' id='word_1_183' title='bbox 237 2812 322 2874; x_wconf 83' lang='lat' dir='ltr'>lium</span> <span class='ocrx_word' id='word_1_184' title='bbox 344 2814 474 2877; x_wconf 90' lang='lat' dir='ltr'>mansit.</span> 
     </span>
    </p>

    <p class='ocr_par' dir='ltr' id='par_1_7' title="bbox 279 2911 1415 2992">
     <span class='ocr_line' id='line_1_25' title="bbox 279 2911 1415 2992; baseline -0.003 -20"><span class='ocrx_word' id='word_1_185' title='bbox 279 2911 329 2972; x_wconf 83' lang='lat' dir='ltr'>Ea</span> <span class='ocrx_word' id='word_1_186' title='bbox 349 2916 428 2972; x_wconf 89' lang='lat' dir='ltr'>tnnc</span> <span class='ocrx_word' id='word_1_187' title='bbox 449 2912 543 2974; x_wconf 89' lang='lat' dir='ltr'>aedes</span> <span class='ocrx_word' id='word_1_188' title='bbox 564 2914 776 2975; x_wconf 88' lang='lat' dir='ltr'>cremabatur.</span> <span class='ocrx_word' id='word_1_189' title='bbox 799 2914 861 2975; x_wconf 90' lang='lat' dir='ltr'>Sed</span> <span class='ocrx_word' id='word_1_190' title='bbox 877 2913 951 2992; x_wconf 91' lang='lat' dir='ltr'>plus</span> <span class='ocrx_word' id='word_1_191' title='bbox 966 2913 1095 2991; x_wconf 88' lang='lat' dir='ltr'>pavoris</span> <span class='ocrx_word' id='word_1_192' title='bbox 1111 2911 1246 2972; x_wconf 89' lang='lat' dir='ltr'>obsessis</span> <span class='ocrx_word' id='word_1_193' title='bbox 1262 2930 1362 2988; x_wconf 88' lang='lat' dir='ltr'>quam</span> <span class='ocrx_word' id='word_1_194' title='bbox 1376 2920 1415 2983; x_wconf 80' lang='lat'>73</span> 
     </span>
    </p>

    <p class='ocr_par' dir='ltr' id='par_1_8' title="bbox 192 3007 1362 3479">
     <span class='ocr_line' id='line_1_26' title="bbox 192 3007 1362 3090; baseline -0.001 -21"><span class='ocrx_word' id='word_1_195' title='bbox 192 3029 218 3084; x_wconf 72' lang='lat'>25</span> <span class='ocrx_word' id='word_1_196' title='bbox 238 3007 460 3071; x_wconf 88' lang='lat' dir='ltr'>obsessoribus</span> <span class='ocrx_word' id='word_1_197' title='bbox 490 3010 611 3072; x_wconf 89' lang='lat' dir='ltr'>intulit.</span> <span class='ocrx_word' id='word_1_198' title='bbox 643 3011 771 3090; x_wconf 77' lang='lat' dir='ltr'>Quippe</span> <span class='ocrx_word' id='word_1_199' title='bbox 806 3010 997 3071; x_wconf 88' lang='lat' dir='ltr'>Vitellianus</span> <span class='ocrx_word' id='word_1_200' title='bbox 1028 3010 1121 3071; x_wconf 87' lang='lat' dir='ltr'>miles</span> <span class='ocrx_word' id='word_1_201' title='bbox 1153 3029 1257 3088; x_wconf 90' lang='lat' dir='ltr'>neque</span> <span class='ocrx_word' id='word_1_202' title='bbox 1289 3013 1362 3069; x_wconf 90' lang='lat' dir='ltr'>astu</span> 
     </span>
     <span class='ocr_line' id='line_1_27' title="bbox 238 3105 1362 3186; baseline 0 -20"><span class='ocrx_word' id='word_1_203' title='bbox 238 3125 345 3186; x_wconf 89' lang='lat' dir='ltr'>neque</span> <span class='ocrx_word' id='word_1_204' title='bbox 372 3109 554 3170; x_wconf 88' lang='lat' dir='ltr'>constantia</span> <span class='ocrx_word' id='word_1_205' title='bbox 580 3109 664 3169; x_wconf 88' lang='lat' dir='ltr'>inter</span> <span class='ocrx_word' id='word_1_206' title='bbox 692 3108 792 3170; x_wconf 90' lang='lat' dir='ltr'>dubia</span> <span class='ocrx_word' id='word_1_207' title='bbox 819 3109 1000 3186; x_wconf 84' lang='lat' dir='ltr'>indigebat:</span> <span class='ocrx_word' id='word_1_208' title='bbox 1029 3128 1070 3169; x_wconf 88' lang='lat' dir='ltr'>ex</span> <span class='ocrx_word' id='word_1_209' title='bbox 1098 3107 1223 3168; x_wconf 90' lang='lat' dir='ltr'>diverso</span> <span class='ocrx_word' id='word_1_210' title='bbox 1244 3105 1362 3185; x_wconf 85' lang='lat' dir='ltr'>trepidi</span> 
     </span>
     <span class='ocr_line' id='line_1_28' title="bbox 238 3202 1362 3284; baseline -0.001 -20"><span class='ocrx_word' id='word_1_211' title='bbox 238 3202 377 3283; x_wconf 84' lang='lat' dir='ltr'>milites;</span> <span class='ocrx_word' id='word_1_212' title='bbox 404 3205 473 3266; x_wconf 87' lang='lat' dir='ltr'>dux</span> <span class='ocrx_word' id='word_1_213' title='bbox 501 3207 605 3284; x_wconf 81' lang='lat' dir='ltr'>segnis</span> <span class='ocrx_word' id='word_1_214' title='bbox 633 3213 665 3266; x_wconf 90' lang='lat' dir='ltr'>et</span> <span class='ocrx_word' id='word_1_215' title='bbox 693 3206 783 3268; x_wconf 91' lang='lat' dir='ltr'>velut</span> <span class='ocrx_word' id='word_1_216' title='bbox 810 3211 926 3284; x_wconf 89' lang='lat' dir='ltr'>captus</span> <span class='ocrx_word' id='word_1_217' title='bbox 956 3206 1055 3266; x_wconf 89' lang='lat' dir='ltr'>animi</span> <span class='ocrx_word' id='word_1_218' title='bbox 1078 3225 1144 3266; x_wconf 91' lang='lat' dir='ltr'>non</span> <span class='ocrx_word' id='word_1_219' title='bbox 1164 3205 1275 3281; x_wconf 85' lang='lat' dir='ltr'>lingua</span> <span class='ocrx_word' id='word_1_220' title='bbox 1295 3222 1362 3264; x_wconf 93' lang='lat' dir='ltr'>non</span> 
     </span>
     <span class='ocr_line' id='line_1_29' title="bbox 239 3301 1361 3383; baseline -0.002 -20"><span class='ocrx_word' id='word_1_221' title='bbox 239 3302 374 3363; x_wconf 89' lang='lat' dir='ltr'>auribus</span> <span class='ocrx_word' id='word_1_222' title='bbox 406 3308 602 3383; x_wconf 88' lang='lat' dir='ltr'>competere,</span> <span class='ocrx_word' id='word_1_223' title='bbox 633 3323 738 3383; x_wconf 89' lang='lat' dir='ltr'>neque</span> <span class='ocrx_word' id='word_1_224' title='bbox 767 3304 881 3364; x_wconf 89' lang='lat' dir='ltr'>alienis</span> <span class='ocrx_word' id='word_1_225' title='bbox 910 3301 1051 3364; x_wconf 90' lang='lat' dir='ltr'>consiliis</span> <span class='ocrx_word' id='word_1_226' title='bbox 1079 3303 1144 3379; x_wconf 86' lang='lat' dir='ltr'>regi</span> <span class='ocrx_word' id='word_1_227' title='bbox 1171 3321 1275 3381; x_wconf 88' lang='lat' dir='ltr'>neque</span> <span class='ocrx_word' id='word_1_228' title='bbox 1304 3321 1361 3361; x_wconf 87' lang='lat' dir='ltr'>sua</span> 
     </span>
     <span class='ocr_line' id='line_1_30' title="bbox 239 3400 1362 3479; baseline -0.002 -18"><span class='ocrx_word' id='word_1_229' title='bbox 239 3400 408 3479; x_wconf 83' lang='lat' dir='ltr'>expedire,</span> <span class='ocrx_word' id='word_1_230' title='bbox 446 3401 511 3462; x_wconf 90' lang='lat' dir='ltr'>huc</span> <span class='ocrx_word' id='word_1_231' title='bbox 542 3401 620 3463; x_wconf 89' lang='lat' dir='ltr'>illuc</span> <span class='ocrx_word' id='word_1_232' title='bbox 652 3401 847 3463; x_wconf 85' lang='lat' dir='ltr'>clamoribus</span> <span class='ocrx_word' id='word_1_233' title='bbox 879 3401 1023 3462; x_wconf 89' lang='lat' dir='ltr'>hostium</span> <span class='ocrx_word' id='word_1_234' title='bbox 1054 3400 1244 3477; x_wconf 84' lang='lat' dir='ltr'>circumagi;</span> <span class='ocrx_word' id='word_1_235' title='bbox 1279 3419 1362 3478; x_wconf 88' lang='lat' dir='ltr'>quae</span> 
     </span>
    </p>
   </div>
   <div class='ocr_carea' id='block_1_3' title="bbox 193 3497 1362 3579">
    <p class='ocr_par' dir='ltr' id='par_1_9' title="bbox 193 3497 1362 3579">
     <span class='ocr_line' id='line_1_31' title="bbox 193 3497 1362 3579; baseline -0.003 -20"><span class='ocrx_word' id='word_1_236' title='bbox 193 3518 223 3575; x_wconf 77' lang='lat'>30</span> <span class='ocrx_word' id='word_1_237' title='bbox 239 3498 393 3577; x_wconf 88' lang='lat' dir='ltr'>iusserat,</span> <span class='ocrx_word' id='word_1_238' title='bbox 421 3504 546 3577; x_wconf 86' lang='lat' dir='ltr'>vetare,</span> <span class='ocrx_word' id='word_1_239' title='bbox 575 3518 658 3579; x_wconf 88' lang='lat' dir='ltr'>quae</span> <span class='ocrx_word' id='word_1_240' title='bbox 680 3504 839 3577; x_wconf 88' lang='lat' dir='ltr'>vetuerat,</span> <span class='ocrx_word' id='word_1_241' title='bbox 869 3499 986 3559; x_wconf 89' lang='lat' dir='ltr'>iubere.</span> <span class='ocrx_word' id='word_1_242' title='bbox 1014 3499 1108 3573; x_wconf 85' lang='lat' dir='ltr'>Mox,</span> <span class='ocrx_word' id='word_1_243' title='bbox 1130 3497 1217 3577; x_wconf 90' lang='lat' dir='ltr'>quod</span> <span class='ocrx_word' id='word_1_244' title='bbox 1239 3497 1273 3557; x_wconf 91' lang='lat' dir='ltr'>in</span> <span class='ocrx_word' id='word_1_245' title='bbox 1293 3518 1362 3576; x_wconf 89' lang='lat' dir='ltr'>per-</span> 
     </span>
    </p>
   </div>
   <div class='ocr_carea' id='block_1_4' title="bbox 239 3747 1362 4333">
    <p class='ocr_par' dir='ltr' id='par_1_10' title="bbox 239 3747 1362 4245">
     <span class='ocr_line' id='line_1_32' title="bbox 276 3747 1361 3820; baseline -0.003 -20"><span class='ocrx_word' id='word_1_246' title='bbox 276 3750 301 3800; x_wconf 83' lang='grc'>4.</span> <span class='ocrx_word' id='word_1_247' title='bbox 331 3749 430 3815; x_wconf 80' lang='lat' dir='ltr'>optimu</span> <span class='ocrx_word' id='word_1_248' title='bbox 457 3750 487 3800; x_wconf 86' lang='lat' dir='ltr'>F.</span> <span class='ocrx_word' id='word_1_249' title='bbox 516 3780 549 3788; x_wconf 95' lang='lat'>—</span> <span class='ocrx_word' id='word_1_250' title='bbox 578 3750 603 3802; x_wconf 83' lang='grc'>9.</span> <span class='ocrx_word' id='word_1_251' title='bbox 633 3747 732 3820; x_wconf 81' lang='lat' dir='ltr'>&lt;dum&gt;</span> <span class='ocrx_word' id='word_1_252' title='bbox 759 3751 817 3800; x_wconf 86' lang='lat' dir='ltr'>add.</span> <span class='ocrx_word' id='word_1_253' title='bbox 837 3750 937 3800; x_wconf 78' lang='lat' dir='ltr'>Haase.</span> <span class='ocrx_word' id='word_1_254' title='bbox 958 3750 1012 3812; x_wconf 76' lang='lat' dir='ltr'>‘p&#39;tio</span> <span class='ocrx_word' id='word_1_255' title='bbox 1032 3750 1101 3800; x_wconf 87' lang='lat' dir='ltr'>stetit</span> <span class='ocrx_word' id='word_1_256' title='bbox 1120 3766 1167 3815; x_wconf 89' lang='lat' dir='ltr'>pro</span> <span class='ocrx_word' id='word_1_257' title='bbox 1187 3750 1208 3799; x_wconf 89' lang='lat' dir='ltr'>F</span> <span class='ocrx_word' id='word_1_258' title='bbox 1228 3749 1296 3799; x_wconf 81' lang='lat' dir='ltr'>stetit</span> <span class='ocrx_word' id='word_1_259' title='bbox 1315 3767 1361 3799; x_wconf 81' lang='grc'>0111.</span> 
     </span>
     <span class='ocr_line' id='line_1_33' title="bbox 239 3837 1362 3904; baseline -0.001 -16"><span class='ocrx_word' id='word_1_260' title='bbox 239 3837 295 3888; x_wconf 85' lang='lat' dir='ltr'>cdd.</span> <span class='ocrx_word' id='word_1_261' title='bbox 314 3854 365 3904; x_wconf 82' lang='lat' dir='ltr'>aeq.</span> <span class='ocrx_word' id='word_1_262' title='bbox 385 3854 436 3904; x_wconf 89' lang='lat' dir='ltr'>quo</span> <span class='ocrx_word' id='word_1_263' title='bbox 454 3845 527 3889; x_wconf 84' lang='lat' dir='ltr'>tanta</span> <span class='ocrx_word' id='word_1_264' title='bbox 545 3837 630 3889; x_wconf 85' lang='lat' dir='ltr'>clades</span> <span class='ocrx_word' id='word_1_265' title='bbox 648 3838 731 3904; x_wconf 88' lang='lat' dir='ltr'>pretio</span> <span class='ocrx_word' id='word_1_266' title='bbox 750 3838 837 3889; x_wconf 86' lang='lat' dir='ltr'>stetit?</span> <span class='ocrx_word' id='word_1_267' title='bbox 861 3838 974 3888; x_wconf 71' lang='lat' dir='ltr'>Piniana</span> <span class='ocrx_word' id='word_1_268' title='bbox 994 3837 1183 3904; x_wconf 79' lang='lat' dir='ltr'>quo—pretio?</span> <span class='ocrx_word' id='word_1_269' title='bbox 1203 3838 1296 3887; x_wconf 80' lang='lat' dir='ltr'>scilicet</span> <span class='ocrx_word' id='word_1_270' title='bbox 1316 3854 1362 3902; x_wconf 87' lang='lat' dir='ltr'>pro</span> 
     </span>
     <span class='ocr_line' id='line_1_34' title="bbox 240 3925 1361 3993; baseline -0.002 -17"><span class='ocrx_word' id='word_1_271' title='bbox 240 3927 379 3977; x_wconf 67' lang='lat' dir='ltr'>Acidaliae</span> <span class='ocrx_word' id='word_1_272' title='bbox 396 3926 466 3993; x_wconf 89' lang='lat' dir='ltr'>quod</span> <span class='ocrx_word' id='word_1_273' title='bbox 484 3934 572 3979; x_wconf 81' lang='lat' dir='ltr'>tantae</span> <span class='ocrx_word' id='word_1_274' title='bbox 589 3927 668 3978; x_wconf 86' lang='lat' dir='ltr'>cladis</span> <span class='ocrx_word' id='word_1_275' title='bbox 680 3928 792 3993; x_wconf 83' lang='lat' dir='ltr'>pretium</span> <span class='ocrx_word' id='word_1_276' title='bbox 802 3927 869 3977; x_wconf 80' lang='lat' dir='ltr'>fuit?</span> <span class='ocrx_word' id='word_1_277' title='bbox 889 3944 936 3991; x_wconf 87' lang='lat' dir='ltr'>pro</span> <span class='ocrx_word' id='word_1_278' title='bbox 946 3927 1030 3992; x_wconf 85' lang='lat' dir='ltr'>patria</span> <span class='ocrx_word' id='word_1_279' title='bbox 1040 3927 1209 3977; x_wconf 80' lang='lat' dir='ltr'>bellauimus?</span> <span class='ocrx_word' id='word_1_280' title='bbox 1229 3925 1308 3992; x_wconf 75' lang='lat' dir='ltr'>n&#39;pp.</span> <span class='ocrx_word' id='word_1_281' title='bbox 1329 3955 1361 3963; x_wconf 92' lang='lat'>—</span> 
     </span>
     <span class='ocr_line' id='line_1_35' title="bbox 243 4013 1362 4085; baseline -0.002 -18"><span class='ocrx_word' id='word_1_282' title='bbox 243 4017 283 4067; x_wconf 89' lang='grc'>14.</span> <span class='ocrx_word' id='word_1_283' title='bbox 313 4013 447 4085; x_wconf 83' lang='lat' dir='ltr'>&lt;patrati&gt;</span> <span class='ocrx_word' id='word_1_284' title='bbox 467 4016 552 4082; x_wconf 88' lang='lat' dir='ltr'>operis</span> <span class='ocrx_word' id='word_1_285' title='bbox 570 4016 701 4082; x_wconf 77' lang='lat' dir='ltr'>Rittercj.</span> <span class='ocrx_word' id='word_1_286' title='bbox 722 4016 773 4066; x_wconf 94' lang='grc' dir='ltr'>ΙΙΙ.</span> <span class='ocrx_word' id='word_1_287' title='bbox 794 4016 835 4068; x_wconf 76' lang='grc'>61.</span> <span class='ocrx_word' id='word_1_288' title='bbox 867 4017 961 4067; x_wconf 70' lang='grc'>-111,</span> <span class='ocrx_word' id='word_1_289' title='bbox 991 4015 1112 4081; x_wconf 88' lang='lat' dir='ltr'>puluilius</span> <span class='ocrx_word' id='word_1_290' title='bbox 1131 4015 1160 4064; x_wconf 86' lang='lat' dir='ltr'>F.</span> <span class='ocrx_word' id='word_1_291' title='bbox 1190 4043 1223 4050; x_wconf 83' lang='lat'>—</span> <span class='ocrx_word' id='word_1_292' title='bbox 1245 4015 1284 4066; x_wconf 79' lang='lat' dir='ltr'>lt.</span> <span class='ocrx_word' id='word_1_293' title='bbox 1304 4032 1362 4065; x_wconf 88' lang='lat' dir='ltr'>con·</span> 
     </span>
     <span class='ocr_line' id='line_1_36' title="bbox 240 4103 1362 4172; baseline -0.002 -17"><span class='ocrx_word' id='word_1_294' title='bbox 240 4104 295 4155; x_wconf 84' lang='lat' dir='ltr'>sule</span> <span class='ocrx_word' id='word_1_295' title='bbox 323 4103 365 4155; x_wconf 87' lang='lat' dir='ltr'>Fl.</span> <span class='ocrx_word' id='word_1_296' title='bbox 395 4134 429 4142; x_wconf 89' lang='lat'><em>-</em></span> <span class='ocrx_word' id='word_1_297' title='bbox 459 4105 499 4157; x_wconf 86' lang='grc'>19.</span> <span class='ocrx_word' id='word_1_298' title='bbox 529 4104 675 4172; x_wconf 83' lang='lat' dir='ltr'>quindecim</span> <span class='ocrx_word' id='word_1_299' title='bbox 705 4104 727 4154; x_wconf 88' lang='lat' dir='ltr'>F</span> <span class='ocrx_word' id='word_1_300' title='bbox 756 4104 837 4155; x_wconf 81' lang='lat' dir='ltr'>XXV</span> <span class='ocrx_word' id='word_1_301' title='bbox 861 4104 975 4170; x_wconf 74' lang='lat' dir='ltr'>Lipsius.</span> <span class='ocrx_word' id='word_1_302' title='bbox 1006 4134 1033 4141; x_wconf 83' lang='lat'>—</span> <span class='ocrx_word' id='word_1_303' title='bbox 1064 4103 1188 4153; x_wconf 80' lang='lat' dir='ltr'>Norbano</span> <span class='ocrx_word' id='word_1_304' title='bbox 1207 4103 1362 4170; x_wconf 84' lang='lat' dir='ltr'>consulibus]</span> 
     </span>
     <span class='ocr_line' id='line_1_37' title="bbox 241 4192 973 4245; baseline -0.003 -2"><span class='ocrx_word' id='word_1_305' title='bbox 241 4193 401 4245; x_wconf 85' lang='lat' dir='ltr'>norbanaooa</span> <span class='ocrx_word' id='word_1_306' title='bbox 419 4193 449 4244; x_wconf 86' lang='lat' dir='ltr'>F.</span> <span class='ocrx_word' id='word_1_307' title='bbox 470 4223 503 4231; x_wconf 91' lang='lat'><em>—</em></span> <span class='ocrx_word' id='word_1_308' title='bbox 522 4192 565 4245; x_wconf 76' lang='lat'><em>2‘2.</em></span> <span class='ocrx_word' id='word_1_309' title='bbox 585 4202 657 4244; x_wconf 85' lang='lat' dir='ltr'>tanta</span> <span class='ocrx_word' id='word_1_310' title='bbox 677 4193 691 4243; x_wconf 86' lang='lat' dir='ltr'>b</span> <span class='ocrx_word' id='word_1_311' title='bbox 710 4201 735 4243; x_wconf 88' lang='lat' dir='ltr'>ta</span> <span class='ocrx_word' id='word_1_312' title='bbox 755 4193 777 4243; x_wconf 85' lang='lat' dir='ltr'>F</span> <span class='ocrx_word' id='word_1_313' title='bbox 796 4200 833 4243; x_wconf 87' lang='lat' dir='ltr'>tot</span> <span class='ocrx_word' id='word_1_314' title='bbox 853 4192 973 4242; x_wconf 77' lang='lat' dir='ltr'>Picbeua.</span> 
     </span>
    </p>

    <p class='ocr_par' dir='ltr' id='par_1_11' title="bbox 1211 4279 1256 4333">
     <span class='ocr_line' id='line_1_38' title="bbox 1211 4279 1256 4333; baseline 0.044 -2"><span class='ocrx_word' id='word_1_315' title='bbox 1211 4279 1256 4333; x_wconf 72' lang='lat'>10*</span> 
     </span>
    </p>
   </div>
   <div class='ocr_carea' id='block_1_5' title="bbox 0 0 1712 4909">
    <p class='ocr_par' dir='ltr' id='par_1_12' title="bbox 0 0 1712 4909">
     <span class='ocr_line' id='line_1_39' title="bbox 0 0 1712 4909; baseline 0 0"><span class='ocrx_word' id='word_1_316' title='bbox 0 0 1712 4909; x_wconf 95' lang='lat' dir='ltr'> </span> 
     </span>
    </p>
   </div>
  </div>
 </body>
</html>
