3409 4909
350 484 389 545 10
776 505 917 549 coauum
939 506 1050 550 mmm
1318 497 1352 559 (a.
1374 512 1399 545 u.
1419 493 1474 547 822

347 679 476 731 senectus
504 672 636 749 ooulerre
660 674 731 751 plus
754 676 869 753 populo
897 676 1034 736 Romano
1051 685 1149 756 posset
1169 695 1260 755 quum
1280 677 1390 739 bouum
1409 679 1476 739 sue-³

348 788 499 846 cessorem,
531 789 583 830 uee
616 778 668 830 tua
693 772 765 849 plus
794 771 917 833 iuoeutu
948 794 1040 851 quum
1069 774 1177 834 bouum
1199 775 1380 853 prinoipem.
1411 775 1474 835 Sub

353 864 467 925 Tiberio
506 874 532 926 et
574 867 651 927 Gaio
689 876 715 927 et
749 869 879 929 Claudio
909 870 1002 930 uuius
1027 870 1173 948 familiae
1203 872 1291 949 quusi
1321 872 1471 941 hereditas

343 961 482 1039 satiatus:
522 964 581 1024 loeo
620 965 766 1045 libertatis
797 966 869 1044 erit,
908 968 987 1045 quod
1017 968 1089 1047 eliqi
1119 968 1284 1047 coepimus;
1322 977 1349 1030 et
1374 969 1472 1053 firtita

347 1060 499 1121 luliorum
529 1062 784 1142 Claudiorumque
811 1064 897 1126 doma
918 1066 1064 1144 optimum
1084 1083 1224 1145 quemque
1244 1068 1369 1146 adoptio
1390 1069 1468 1128 ium·
1486 1080 1499 1132 5

346 1158 418 1219 uiet.
446 1160 530 1220 Nam
549 1161 689 1239 peuerari
709 1169 736 1221 et
756 1162 841 1223 nasei
862 1182 882 1221 u
898 1162 1090 1241 principibus
1105 1163 1286 1242 fortuitum,
1315 1184 1367 1225 uee
1386 1165 1468 1224 ultra

346 1249 544 1333 aestiuum,-
573 1259 744 1337 odoptaudi
771 1259 921 1320 iudicium
948 1261 1118 1338 iuteqrum;
1146 1269 1173 1321 et
1200 1261 1227 1321 si
1253 1262 1325 1321 uelis
1349 1262 1466 1340 eliqere,

346 1374 487 1415 eouseasu
510 1364 704 1417 monstratur.
733 1356 780 1417 Sit
807 1366 878 1417 aute
905 1359 1001 1419 oeulos
1020 1358 1115 1435 Nera,
1144 1378 1230 1436 quem
1250 1360 1339 1437 louqa
1363 1360 1467 1420 Caesu-

346 1473 415 1513 rum
442 1454 516 1514 serie
544 1463 702 1515 tuumutem
726 1475 787 1515 uou
814 1456 929 1516 Viudeu
949 1473 1016 1517 eum
1036 1457 1147 1518 inermi
1166 1457 1324 1536 prooiuoio
1344 1466 1400 1518 aut
1420 1478 1467 1536 eqo

346 1570 414 1611 eum
442 1572 507 1611 roua
537 1553 662 1631 leqioue,
693 1554 746 1614 sed
771 1574 827 1614 sua
855 1555 1049 1632 immunitos,
1080 1574 1136 1615 uta
1164 1556 1286 1615 leeuuriu
1312 1556 1468 1616 ceruicibus
1485 1566 1509 1620 10

346 1649 472 1727 quibliais
500 1651 696 1729 depuleruut;
724 1673 816 1731 aeque
840 1662 904 1714 erat
926 1654 1025 1714 adhue
1046 1653 1188 1713 damuati
1203 1653 1358 1732 priueipis
1379 1673 1466 1713 ouem-

343 1748 441 1825 plum.
462 1750 526 1808 Nos
546 1748 619 1810 bello
640 1758 666 1810 et
687 1749 724 1809 ub
745 1750 973 1812 aestimantibus
993 1751 1104 1811 adsciti
1124 1771 1192 1812 oum
1205 1750 1343 1828 iuridiu,
1365 1771 1466 1829 quam·

346 1845 391 1904 ais
411 1846 536 1924 eqmqii,
558 1847 676 1908 erimsu.
699 1849 746 1909 Ne
768 1856 869 1909 tumeu
891 1850 1012 1910 territus
1025 1848 1140 1926 fueris,
1162 1848 1189 1909 si
1203 1848 1281 1909 duae
1295 1848 1421 1927 leqioues
1435 1848 1467 1907 iu

347 1942 399 2003 boe
433 1945 564 2004 oouaussi
594 1945 671 2005 orbis
701 1955 783 2006 motu
813 1947 948 2007 mudum
978 1947 1139 2024 quieseunt.
1178 1946 1225 2006 Ne
1255 1945 1318 2023 ipse
1349 1945 1477 2023 quidem

346 2040 389 2100 ad
408 2061 524 2101 seuerus
544 2062 589 2102 res
610 2043 735 2118 uecessi,·
757 2051 784 2104 et
805 2044 916 2104 auditu
933 2044 1093 2123 adoptione
1107 2043 1244 2104 desimam
1257 2043 1354 2103 uideri
1368 2063 1465 2120 semer,
1484 2051 1509 2105 u

346 2139 425 2216 quod
451 2159 532 2199 nuuc
558 2140 637 2200 milti
657 2160 753 2201 uuum
773 2142 907 2202 obicitur.
936 2143 1016 2201 Nero
1037 2161 1057 2201 u
1074 2141 1203 2220 pessimo
1224 2161 1336 2219 quoque
1356 2160 1467 2219 semper

346 2236 581 2297 desiderabitur:
608 2238 688 2298 milti
714 2256 749 2300 ae
777 2239 832 2299 tibi
847 2239 1070 2318 prouidendum
1090 2248 1146 2316 est,
1175 2258 1212 2299 ue
1232 2239 1324 2299 etiam
1345 2259 1365 2299 a
1386 2237 1467 2299 bouis

346 2334 536 2395 desideretur.
565 2336 687 2397 Mouere
713 2337 830 2397 diutius
857 2356 948 2415 ueque
970 2337 1109 2415 temporis
1130 2335 1235 2413 buius,
1264 2344 1291 2395 et
1312 2336 1468 2414 impletum

346 2440 387 2491 est
414 2451 498 2493 omae
525 2434 696 2511 eonsilium,
724 2435 751 2495 si
780 2442 806 2495 te
832 2433 901 2494 berse
928 2434 1009 2512 eleqi.
1046 2420 1235 2495 Utilissimus'
1250 2433 1332 2493 idem
1352 2453 1389 2493 aa
1409 2433 1466 2493 bre·

345 2530 484 2591 sissimus
503 2530 649 2592 bonarum
668 2532 877 2610 malarumque
897 2551 997 2592 rerum
1017 2531 1142 2592 dilectus
1162 2539 1203 2591 est
1224 2532 1366 2609 copitare,
1394 2531 1467 2609 quid
1483 2542 1510 2598 m

346 2635 400 2687 aut
427 2629 554 2689 uolueris
580 2630 632 2689 sub
659 2630 721 2689 alio
738 2630 879 2707 principe
899 2637 953 2689 aut
974 2630 1113 2689 uolueris.
1142 2630 1244 2707 Neque
1264 2630 1345 2689 euim
1366 2629 1414 2689 bia
1434 2631 1467 2689 ut

345 2726 496 2803 quietibus,
533 2748 609 2805 quoe
638 2735 818 2806 repnentur,
857 2736 936 2788 eerta
968 2728 1158 2788 dominorum
1189 2727 1293 2787 domtus
1324 2728 1363 2787 et'
1382 2727 1467 2787 aeteri

345 2823 441 2897 seroi;
469 2823 519 2883 sed
545 2825 748 2901 imperaturus
775 2844 803 2884 es
828 2824 1011 2902 homiuibus,
1040 2826 1093 2902 qui
1113 2843 1165 2885 aee
1186 2832 1279 2885 totam
1299 2826 1467 2885 seruitutem

342 2920 414 2998 pati
430 2929 555 2997 possuut
574 2940 626 2980 uec
648 2930 740 2982 totum
762 2921 934 2982 libertatem.

294 3028 331 3093 17
387 3016 429 3077 Et
450 3015 555 3077 Galba
576 3017 708 3095 quidem
729 3017 809 3078 haee
830 3038 867 3079 aa
889 3018 983 3096 talia,
1006 3024 1175 3098 tamquam
1190 3019 1371 3098 prinoipem
1385 3019 1467 3081 face·
1484 3034 1517 3089 ‘25

346 3118 409 3190 ret,
432 3114 528 3175 aeteri
548 3119 717 3194 tamquam
738 3135 813 3176 oum
834 3116 919 3177 facto
941 3116 1165 3196 loquebantur.
1188 3117 1338 3179 Pisonem
1359 3116 1467 3179 ferunt

346 3212 456 3272 statim
476 3212 695 3291 intuentibus,
717 3219 749 3275 et
769 3234 848 3276 mox
869 3214 1020 3276 coniectis
1041 3214 1076 3275 in
1095 3233 1170 3275 eum
1185 3215 1333 3275 omnium
1347 3215 1466 3293 oeulis,

346 3309 475 3370 nullum
512 3310 635 3372 turbati
673 3317 729 3373 aut
767 3312 945 3374 exultantis
984 3312 1085 3372 animi
1120 3317 1246 3373 motum
1277 3312 1465 3392 prodidisse.

345 3407 456 3469 Sermo
484 3428 558 3486 erga
585 3415 710 3488 patrem
738 3410 1030 3489 imperatoremque
1051 3428 1213 3487 reverens,
1242 3408 1282 3470 de
1303 3428 1337 3471 se
1357 3409 1467 3471 mode·

345 3511 450 3583 ratus;
479 3506 562 3568 nihil
589 3507 623 3568 in
652 3506 744 3569 voltu
771 3507 952 3587 habituque
979 3512 1158 3583 mutatum,
1188 3507 1282 3586 quasi
1308 3507 1467 3586 imperare
1486 3526 1519 3581 30

344 3608 453 3682 posset
473 3605 574 3682 magis
595 3624 696 3684 quam
717 3605 822 3666 vellet.
849 3604 1078 3666 Consultatum
1098 3604 1189 3682 inde,
1212 3624 1269 3684 pro
1291 3605 1402 3665 rostris
1423 3625 1483 3672 an!

344 3701 379 3761 in
406 3706 521 3763 senatu
548 3722 591 3763 an
617 3703 652 3763 in
674 3702 785 3764 eastris
807 3701 939 3782 adoptio
961 3694 1210 3781 nuncuparetur.
1240 3702 1285 3762 Iri
1305 3702 1340 3762 in
1362 3707 1468 3764 eastra

344 3799 483 3879 placuit:
511 3801 726 3863 honorificum
754 3801 788 3861 id
809 3800 969 3863 militibus
992 3801 1073 3877 fore,
1103 3819 1242 3879 quorum
1263 3799 1407 3861 favorem
1429 3806 1467 3861 ut

381 4010 404 4059 1.
423 4016 509 4074 posset
527 4009 550 4059 F
569 4009 648 4075 possit
666 4009 748 4061 Rieu.
769 4040 802 4048 -
822 4012 846 4063 3.
863 4018 920 4077 post
930 4009 1038 4061 Claudio
1048 4011 1132 4061 Ritter
1141 4011 1247 4061 inseruit
1257 4027 1287 4061 ae
1297 4010 1410 4063 Nerone.
1432 4039 1466 4048 —

344 4098 368 4148 4.
397 4097 469 4163 elegi.
499 4127 532 4135 -
558 4100 581 4150 7.
611 4098 760 4149 aestimatur
791 4099 934 4151 Beroaldus
961 4100 1102 4150 estimatur
1126 4099 1148 4149 F
1172 4100 1201 4164 es.
1223 4117 1251 4166 p.
1277 4098 1339 4152 830
1365 4100 1397 4151 15
1423 4098 1467 4151 de-

343 4187 443 4255 pulerq.
463 4216 496 4223 —
519 4185 558 4238 19.
578 4187 727 4238 utilissimus
745 4188 872 4239 bonarum
891 4188 1007 4239 idemne
1026 4188 1190 4239 breuissimus
1209 4188 1344 4239 bonarum.
1426 4196 1428 4241 ἶ
