3409 4909
778 398 783 436 1

350 489 370 548 4
773 506 914 548 connum
936 505 1047 548 raeiri
1321 492 1355 556 (a.
1376 507 1401 541 u.
1422 489 1474 545 8‘21

350 675 524 753 imperium
545 674 607 735 sibi
629 675 792 737 molientis
814 676 962 753 agitatus.
985 676 1027 736 Et
1048 674 1269 755 Nymphidius
1292 675 1425 752 quidem
1439 675 1475 736 in

350 772 421 851 ipso
442 777 560 832 conatu
576 792 764 851 oppressus:
787 773 843 834 sed
862 774 1011 852 quamvis
1027 773 1131 852 capite
1147 772 1333 834 defectionis
1349 772 1474 849 ablata,

350 870 501 930 manebat
519 870 681 950 plerisque
696 870 840 931 militum
856 871 1067 948 conscientia,
1089 890 1148 931 nec
1163 869 1295 931 deerant
1310 890 1474 931 sermones

350 969 477 1029 senium
498 975 596 1048 atque
617 969 789 1048 avaritiam
811 969 934 1030 Galbae
954 969 1201 1048 increpantium.
1224 968 1370 1028 Laudata
1392 968 1474 1029 olim

351 1071 382 1127 et
403 1067 536 1127 militari
556 1067 644 1127 fama
666 1067 825 1129 celebrata
845 1067 999 1129 severitas
1021 1068 1089 1128 eius
1102 1066 1249 1143 ‚angebat
1263 1070 1473 1144 aspernantes
1494 1079 1510 1129 5

350 1168 489 1224 veterem
513 1163 719 1243 disciplinam
742 1169 838 1244 atque
860 1164 907 1225 ita
928 1162 1187 1242 quattuordecim
1204 1163 1331 1223 annisa
1346 1163 1474 1223 Nerone

350 1260 568 1338 adsuefactos,
591 1267 627 1323 ut
648 1261 737 1323 haud
759 1262 868 1323 minus
890 1262 970 1324 vitia
989 1262 1173 1341 principum
1188 1265 1350 1338 amarent,
1373 1280 1474 1338 quam

350 1358 429 1418 clim
450 1359 585 1420 virtutes
606 1361 808 1421 verebantur.
831 1360 976 1421 Accessit
997 1360 1119 1421 Galbae
1140 1379 1205 1420 vox
1220 1378 1278 1438 pro
1292 1378 1325 1419 re
1340 1358 1474 1438 publica

350 1455 501 1534 honesta,
523 1457 585 1536 ipsi
607 1478 746 1537 ancepS,>
763 1458 826 1535 legi
848 1478 867 1518 a
887 1478 920 1519 se
942 1457 1095 1535 militem,
1117 1477 1184 1518 non
1204 1458 1276 1518 emi.
1299 1457 1364 1517 Nec
1384 1458 1474 1516 enim

317 1555 336 1614 6
350 1552 392 1612 ad
412 1553 497 1642 hanc
518 1555 658 1616 formam
676 1561 781 1617 cetera
795 1560 895 1618 erant.
918 1555 1107 1617 invalidum
1123 1574 1232 1615 senem
1247 1555 1339 1616 Titus
1354 1554 1473 1615 Vinius
1496 1565 1527 1619 10

350 1656 382 1711 et
409 1643 577 1713 Cornelius
605 1654 705 1730 Laco,
734 1653 815 1714 alter
836 1653 1027 1715 deterrimus
1049 1652 1253 1731 mortalium,
1283 1652 1364 1713 alter
1385 1652 1474 1729 igna-

349 1748 517 1826 vissimus,
561 1750 635 1811 odio
674 1751 871 1829 flagitiorum
909 1756 1079 1812 oneratum
1117 1755 1307 1829 contemptu
1338 1750 1474 1811 inertiae

349 1846 566 1908 destruebant.
605 1848 748 1909 Tardum
784 1848 907 1910 Galbae
938 1849 998 1909 iter
1029 1854 1061 1910 et
1092 1854 1263 1910 cruentum
1294 1847 1472 1908 interfectis
1503 1915 1510 1928 ,

348 1943 505 2021 Cingonio
527 1945 686 2024 Varrone,
708 1946 840 2008 consule
862 1946 1044 2025 designato,
1067 1951 1099 2007 et
1115 1946 1266 2007 Petronio
1281 1945 1473 2025 Turpiliano
1518 1955 1521 1961 '

349 2041 526 2103 consulari:
558 2042 613 2104 ille
645 2049 683 2106 ut
713 2044 896 2124 Nymphidi
928 2045 1047 2122 socius,
1082 2044 1135 2105 hic
1167 2049 1204 2104 ut
1235 2043 1304 2105 dux
1335 2044 1472 2105 Neronis
1495 2058 1527 2108 15

348 2139 487 2200 inauditi
517 2145 614 2220 atque
638 2140 798 2203 indefensi
820 2148 990 2222 tamquam
1011 2142 1197 2202 innocentes
1219 2142 1388 2220 perierant.
1418 2141 1472 2201 In·
1497 2137 1525 2174 ’-

348 2237 463 2297 troitus
491 2237 526 2297 in
553 2238 667 2299 urbem
697 2239 867 2301 trucidatis
895 2246 944 2301 tot
971 2240 1104 2301 milibus
1131 2239 1305 2300 inermium
1320 2239 1471 2300 militum

347 2323 508 2395 infaustus
531 2335 639 2396 omine
660 2342 758 2415 atque
779 2338 859 2416 ipsis
881 2338 996 2415 etiam,
1018 2338 1076 2417 qui
1097 2337 1296 2414 occiderant,
1318 2336 1471 2398 formido-

348 2430 445 2492 losus.
483 2432 624 2494 Inducta
654 2434 778 2511 legione
810 2435 976 2515 Hispana,
1015 2441 1202 2497 remanente
1233 2455 1285 2513 ea,
1321 2455 1420 2514 quam
1452 2455 1471 2496 e

348 2529 449 2590 classe
470 2531 554 2592 Nero
573 2532 819 2612 conscripserat,
841 2533 939 2612 plena
953 2532 1030 2593 urbs
1046 2532 1190 2594 exercitu
1203 2532 1350 2609 insolita,
1372 2532 1471 2592 multi
1490 2546 1525 2600 20

348 2627 390 2688 ad
417 2628 479 2690 hoc
506 2630 634 2694 numeri
661 2650 678 2691 e
706 2630 880 2691 Germania
907 2650 945 2692 ac
970 2630 1139 2691 Britannia
1160 2635 1192 2692 et
1212 2629 1359 2709 Illyrico,
1388 2649 1470 2707 quos

347 2724 435 2786 idem
463 2727 546 2788 Nero
575 2728 691 2789 electos
720 2728 979 2808 praemissosque
1000 2728 1042 2789 ad
1063 2728 1204 2789 claustra
1225 2728 1416 2807 Caspiarum
1438 2734 1470 2788 et

348 2822 486 2901 bellum,
525 2825 613 2904 quod
644 2826 678 2886 in
710 2826 854 2887 Albanos
886 2827 1037 2906 parabat,
1070 2826 1290 2906 opprimendis
1323 2825 1469 2886 Vindicis

348 2921 469 3000 coeptis
497 2928 717 2985 revocaverat:
746 2924 858 3001 ingens
879 2924 972 2987 novis
994 2924 1089 2985 rebus
1111 2924 1261 2998 materia,
1289 2928 1327 2983 ut
1347 2942 1413 2983 non
1433 2922 1469 2983 in

313 3030 450 3094 7unum
472 3018 615 3097 aliquem
636 3040 738 3100 prono
759 3022 885 3099 favore,
906 3023 953 3083 ita
974 3021 1107 3082 audenti
1127 3026 1249 3100 parata.
1279 3022 1374 3081 Forte
1396 3039 1470 3081 con·
1488 3036 1523 3090 ‘25

346 3121 489 3195 gruerat,
518 3123 555 3179 ut
583 3117 689 3180 Clodii
717 3118 818 3181 Macri
847 3124 879 3181 et
907 3120 1022 3181 Fontei
1050 3118 1217 3198 Capitonis
1247 3117 1358 3180 caedes
1386 3137 1469 3178 nun·

346 3214 511 3276 tiarentur.
534 3216 681 3278 Macrum
700 3217 735 3277 in
748 3217 858 3279 Africa
873 3217 963 3279 haud
978 3216 1076 3278 dubie
1089 3216 1276 3278 turbantem
1290 3215 1469 3277 Trebonius

347 3310 544 3374 Garutianus
559 3320 748 3394 procurator
761 3316 852 3377 iussu
868 3315 1006 3393 Galbae,
1023 3315 1214 3395 Capitonem
1229 3314 1264 3374 in
1279 3313 1468 3390 Germania,

346 3431 422 3472 cum
443 3412 563 3475 similia
584 3420 762 3493 coaptaret,
785 3415 953 3476 Cornelius
974 3414 1125 3494 Aquinus
1147 3418 1179 3475 et
1197 3412 1316 3473 Fabius
1332 3411 1468 3488 Valens,

345 3510 442 3587 legati
463 3510 644 3589 legionum,
666 3512 907 3590 interfecerant,
930 3517 1106 3591 antequam
1127 3510 1321 3572 iuberentur.
1351 3506 1467 3585 Fuere,
1488 3522 1524 3576 30

345 3609 402 3693 qui
430 3608 596 3670 crederent
616 3609 824 3690 Capitonem,
852 3614 891 3671 ut
911 3610 1047 3673 avaritia
1069 3614 1101 3671 et
1121 3607 1256 3669 libidine
1277 3605 1409 3668 foedum
1429 3626 1468 3690 ¹ac

345 3707 564 3786 maculosum,
588 3708 634 3769 ita
656 3708 848 3786 cogitatione
870 3728 978 3769 rerum
998 3726 1157 3775 novarum
1180 3706 1389 3782 abstinuisse3
1412 3704 1469 3765 sed

345 3824 365 3864 a
390 3803 503 3882 legatis
531 3805 654 3867 bellum
682 3806 910 3885 suadentibus,
939 3811 1113 3886 postquam
1141 3804 1295 3884 inpellere
1316 3804 1469 3883 nequire-

344 3944 504 3952 ——

382 4024 404 4073 1.
433 4022 544 4089 agitatus
565 4022 706 4075 Gronovius
725 4024 838 4089 agitatur
857 4023 887 4075 F.
913 4051 945 4060 -
965 4020 989 4073 2.
1010 4030 1049 4073 set
1066 4022 1148 4073 Rhea.
1168 4031 1193 4073 et
1213 4022 1236 4073 F
1256 4051 1288 4059 -
1309 4021 1350 4073 14.
1370 4021 1468 4072 ciconio

343 4110 461 4162 barrone.
482 4140 515 4149 —
534 4113 575 4165 15.
595 4111 738 4179 nimphydi.
758 4111 851 4165 -18.
870 4111 985 4163 homine.
1005 4110 1095 4164 -1a
1114 4110 1228 4178 legiones
1246 4109 1282 4161 F1
1301 4108 1467 4162 -21111-11-

343 4199 433 4251 tannia
452 4208 477 4252 et
494 4200 593 4253 illirico.
613 4232 647 4239 —
666 4200 708 4254 25.
729 4200 892 4267 audientias.
909 4220 937 4268 p.
957 4198 982 4252 2.
1002 4198 1045 4253 23.
