3409 4909
258 489 287 537 p.
308 470 359 521 Oh.
380 471 425 537 69)
606 484 834 528 nrsronmnun
856 466 899 527 II.
923 466 1049 527 19-22.
1349 465 1388 526 63

261 675 465 736 praegraves,
503 655 544 716 In
581 674 618 717 so
656 654 830 715 certamine
866 653 1121 733 pulcherrimum
1156 651 1388 732 amphitheatri

263 774 365 835 opus,
388 755 487 815 situm
508 758 745 830 extramuros,
768 752 993 830 conflagravit,
1015 753 1083 815 sive
1104 752 1145 813 ab
1159 751 1387 832 oppugnatori-

263 853 326 914 bus
354 853 541 927 incensum,
569 850 649 912 dum
676 850 761 912 faces
786 854 819 911 et
838 848 971 927 glandes
993 856 1024 911 et
1046 851 1203 912 missilem
1224 851 1333 928 ignem
1354 850 1388 910 in

265 949 413 1011 obsessos
434 949 632 1026 iaculantur,
661 949 729 1009 sive
750 948 790 1009 ab
812 949 965 1026 obsessis,
988 947 1067 1009 dum
1089 950 1209 1010 intorta
1230 952 1387 1025 regerunt.

238 1048 467 1127 tMunicipale
499 1047 628 1125 volgus,
659 1066 799 1127 pronum
830 1047 872 1107 ad
900 1048 1115 1128 suspiciones,
1146 1047 1260 1108 fraude
1287 1046 1390 1107 inlata

265 1146 349 1223 ignis
380 1143 534 1205 alimenta
561 1142 697 1205 credidit
724 1164 743 1204 a
771 1144 969 1221 quibusdam
989 1163 1006 1204 e
1028 1144 1142 1205 vicinis
1164 1142 1313 1219 coloniis,
1343 1143 1389 1203 in-

266 1243 357 1305 vidia
379 1247 411 1303 et
432 1241 663 1319 aemulatione,
685 1240 773 1320 quod
794 1242 885 1302 nulla
907 1243 940 1314 in
961 1241 1059 1302 ltalia
1080 1240 1181 1302 moles
1202 1246 1270 1301 tam
1286 1260 1390 1320 capax

266 1342 358 1404 foret.
382 1341 594 1419 Quocumque
615 1359 692 1402 casu
713 1340 845 1416 accidit,
867 1339 947 1401 dum
969 1340 1125 1401 atrociora
1146 1339 1389 1415 metuebantur,

266 1440 301 1500 in
320 1439 390 1500 levi
411 1438 576 1517 habitum,
604 1437 731 1499 reddita
751 1438 938 1515 securitate,
964 1442 1135 1515 tamquam
1157 1435 1240 1497 nihil
1260 1437 1389 1513 gravius

220 1544 250 1600 10
267 1528 337 1618 pati
364 1536 563 1616 potuissent,
591 1534 786 1597 maerebant.
816 1535 966 1596 Ceterum
994 1533 1098 1596 multo
1124 1553 1257 1595 suorum
1278 1552 1390 1594 cruore

267 1636 384 1715 pulsus
406 1634 559 1713 Caecina,
588 1638 619 1695 et
639 1652 707 1693 nox
727 1632 879 1712 parandis
900 1632 1051 1712 operibus
1073 1632 1262 1711 adsumpta:
1291 1631 1390 1692 Vitel-

267 1732 349 1793 liani
378 1731 505 1812 pluteos
533 1735 699 1809 cratesque
727 1736 759 1791 et
786 1730 897 1791 vineas
919 1729 1142 1807 subfodiendis
1163 1730 1265 1791 muris
1287 1734 1390 1809 prote·

267 1829 447 1908 gendisque
485 1828 775 1909 obpugnatoribus,
815 1828 992 1890 Othoniani
1031 1827 1127 1889 sudes
1166 1833 1198 1889 et
1228 1828 1391 1889 inmensas

268 1927 419 2009 lapidum
437 1946 474 1987 ac
488 1926 616 2007 plumbi
630 1926 774 2004 aerisque
789 1926 891 1987 moles
905 1926 1139 2006 perfringendis
1154 1926 1391 2004 obruendisque

220 2035 254 2087 15
270 2026 420 2087 hostibus
454 2024 640 2104 expediunt.
675 2024 844 2102 Utrimque
875 2024 995 2103 pudor,
1033 2024 1198 2102 utrimque
1229 2023 1330 2101 gloria
1360 2028 1392 2085 et

272 2123 418 2203 diversae
438 2122 693 2200 exhortationes,
715 2122 792 2182 hinc
807 2122 972 2200 legionum
986 2126 1018 2183 et
1033 2122 1218 2183 Germanici
1233 2122 1392 2184 exercitus

273 2223 383 2299 robur,
422 2220 497 2281 inde
534 2220 677 2281 urbanae
712 2219 847 2281 militiae
879 2225 911 2280 et
941 2221 1176 2299 praetoriarum
1209 2221 1392 2283 cohortium

276 2318 368 2381 decus
396 2318 633 2396 attollendum,
660 2318 710 2378 illi
736 2322 774 2378 ut
801 2337 931 2395 segnem
958 2322 990 2379 et
1017 2316 1162 2379 desidem
1190 2325 1222 2379 et
1250 2319 1333 2379 circo
1355 2338 1391 2379 ac

277 2416 406 2479 theatris
445 2420 633 2495 corruptum
664 2414 818 2493 militem,
856 2415 891 2475 hi
922 2416 1126 2494 peregrinum
1158 2420 1190 2477 et
1222 2422 1392 2477 externum

228 2510 498 2592 'thuorepabant3
527 2512 625 2574 simul
654 2512 816 2575 Othonem
845 2532 882 2574 ac
909 2513 1080 2574 Vitellium
1109 2513 1304 2575 celebrantes
1326 2514 1392 2575 cul-

279 2617 428 2686 pantesve
456 2610 655 2672 uberioribus
683 2611 766 2673 inter
787 2632 819 2673 se
840 2611 965 2691 probris
988 2632 1086 2691 quam
1107 2611 1259 2672 laudibus
1280 2612 1392 2673 stimu-

221 2761 223 2784 ,
276 2703 432 2770 labantur.
461 2708 607 2769 Vixdum
636 2714 705 2771 orto
733 2709 785 2770 die
812 2708 909 2789 plena
934 2709 1226 2789 propugnatoribus
1248 2710 1391 2788 moenia,
1407 2714 1445 2773 22

274 2801 431 2885 fulgentes
460 2807 557 2868 armis
586 2808 727 2886 virisque
754 2808 877 2888 campi,
907 2809 1044 2869 densum
1069 2807 1232 2885 legionum
1261 2828 1391 2885 agmen,

267 2916 383 2982 sparsa
404 2905 602 2967 auxiliorum
623 2925 740 2967 manus
762 2905 877 2967 altiora
897 2925 1065 2967 murorum
1087 2905 1210 2983 sagittis
1232 2912 1289 2967 aut
1306 2906 1393 2967 saxis

220 2981 245 3045 '²5
263 2995 445 3081 incessere,
473 3004 618 3081 neglecta
638 3008 697 3065 aut
717 3023 796 3066 aevo
817 3004 908 3065 fluxa
929 3004 1111 3064 comminus
1133 3003 1279 3081 adgredi:
1308 3004 1393 3081 inge·

256 3106 350 3163 runt
379 3102 516 3181 desuper
547 3102 724 3164 Othoniani
754 3102 837 3181 pila,
869 3101 986 3162 librato
1018 3101 1119 3179 magis
1151 3106 1182 3161 et
1213 3106 1298 3162 certo
1326 3101 1393 3163 ictu

254 3197 427 3262 adversus
465 3205 585 3261 temere
619 3200 795 3261 subeuntes
825 3199 974 3260 cohortes
1004 3198 1256 3277 Germanorum,
1296 3205 1393 3260 cantu

251 3285 356 3359 truci
382 3303 416 3359 et
442 3318 531 3360 more
560 3298 680 3378 patrio
692 3296 789 3358 nudis
816 3296 1004 3376 corporibus
1032 3315 1128 3375 super
1152 3315 1280 3357 umeros
1302 3301 1393 3358 scuta

251 3395 500 3469 quatientium.
528 3395 736 3473 Legionarins
764 3394 883 3475 pluteis
911 3398 942 3454 et
970 3393 1112 3454 cratibus
1140 3397 1243 3453 tectus
1268 3393 1394 3454 subruit

250 3540 434 3569 k—

311 3659 334 3711 3.
360 3658 460 3710 flandes
483 3658 514 3710 F.
543 3687 576 3695 -
601 3658 626 3709 4.
654 3657 756 3709 obsesso
780 3658 803 3708 F
831 3688 864 3695 —
890 3656 998 3723 opsessis
1022 3654 1064 3706 Fl.
1092 3684 1124 3692 -
1149 3654 1247 3705 intorta
1273 3663 1394 3720 regerunt

260 3749 363 3817 *capsi
386 3755 521 3815 reportans
545 3755 638 3814 gerunt
661 3748 764 3815 (gerunt
787 3748 816 3797 ia
839 3764 889 3797 raa
915 3748 927 3798 1
948 3745 1040 3810 m.)cs.
1063 3745 1131 3795 Anu.
1152 3744 1203 3795 III.
1224 3743 1271 3807 78,
1296 3751 1394 3794 retorta

264 3824 394 3903 ingemui
419 3834 526 3888 Gronov.
551 3835 615 3887 dum
638 3842 760 3902 regerunt
783 3835 863 3902 Nipp.
889 3834 950 3885 dum
975 3841 1044 3884 retro
1062 3840 1228 3897 transgerunt
1246 3832 1311 3883 Her.
1331 3832 1392 3883 dum

267 3925 347 3992 paria
366 3932 488 3992 regerunt
506 3924 608 3976 Meiaer.
628 3955 662 3962 —
681 3925 706 3977 5.
725 3924 816 3975 fraude
833 3925 870 3990 sss
883 3923 913 3973 F.
934 3953 967 3959 —
987 3922 1011 3975 6.
1032 3922 1055 3989 e]
1075 3929 1101 3972 et
1112 3921 1142 3972 F.
1162 3951 1195 3958 —
1216 3922 1239 3972 7.
1259 3921 1358 3972 inuidia
1368 3931 1393 3973 et

271 4013 390 4067 Marcus
415 4014 519 4090 Inuidiq
545 4014 577 4066 F.
606 4044 639 4051 -
670 4015 710 4066 11.
739 4014 875 4078 absumpta
904 4010 996 4061 Maret.
1026 4018 1157 4075 assumpta
1181 4010 1204 4060 F
1229 4011 1257 4076 es.
1284 4011 1332 4061 IV.
1359 4011 1393 4065 60

271 4104 411 4170 adsumpta
427 4102 508 4169 Nipp.
532 4132 562 4140 —
583 4103 624 4153 14.
639 4109 699 4169 port
716 4100 904 4167 perfringendis
922 4100 1002 4166 Nipp.
1022 4100 1070 4150 alii
1088 4116 1143 4149 eram
1157 4100 1210 4149 odd.
1222 4117 1271 4166 aeq.
1282 4101 1394 4151 insaniat

272 4190 401 4258 operibus.
421 4221 456 4229 -
474 4190 517 4243 23.
536 4191 633 4257 campis
651 4190 693 4243 Fl.
713 4219 746 4229 -
765 4190 808 4241 29.
827 4189 970 4255 legionariir
988 4189 1018 4239 F.
