3409 4909
335 441 394 504 202
757 459 899 503 coausm
920 460 1032 503 racrrr
1307 446 1343 511 (a.
1364 462 1389 497 u.
1409 445 1461 500 523

335 629 433 692 venit.
456 630 535 689 Eius
556 628 699 690 adventu
720 634 844 690 erectae
866 648 954 708 spes:
977 629 1045 708 ipse
1066 648 1194 709 pugnae
1209 630 1326 691 avidus
1342 636 1375 692 et
1388 650 1463 693 con·

334 727 518 789 temnendis
539 747 639 807 quam
660 726 812 789 cavendis
834 726 982 789 hostibus
1004 727 1132 805 melior,
1154 728 1273 789 ferocia
1286 728 1464 790 verborum

334 826 472 886 militem
494 824 701 902 incendebat,
729 825 787 886 ubi
808 825 951 904 primum
973 824 1122 902 congredi
1144 824 1303 903 licuisset,
1335 826 1464 887 nullam

335 922 457 1001 proelio
487 942 613 983 moram
644 922 797 983 facturus.
831 922 976 984 Dilectus
1007 942 1064 1001 per
1096 922 1237 984 Galliam
1268 923 1400 985 habitos
1429 925 1465 985 in

335 1020 481 1081 civitates
502 1020 639 1081 remittit
659 1039 696 1080 ac
717 1020 868 1081 nuntiare
889 1020 980 1081 iubet
993 1020 1139 1082 sufficere
1153 1021 1289 1100 imperio
1304 1021 1464 1099 legiones:
1483 1035 1497 1085 5

335 1117 414 1178 socii
441 1116 483 1177 ad
510 1118 624 1177 munia
651 1117 739 1195 pacis
767 1117 924 1195 redirent,
952 1118 1055 1179 securi
1079 1118 1170 1181 velut
1191 1119 1337 1180 confecto
1359 1119 1464 1198 bello,

335 1214 423 1295 quod
451 1215 616 1276 Romanae
643 1234 760 1276 manus
788 1216 997 1294 excepissent.
1027 1217 1131 1278 Auxit
1157 1236 1195 1278 ea
1218 1236 1268 1278 res
1290 1217 1464 1280 Gallorum

335 1313 543 1393 obsequium:
565 1333 641 1373 nam
664 1317 792 1392 recepta
805 1313 975 1376 iuventute
989 1313 1116 1374 facilius
1129 1314 1253 1375 tributa
1267 1314 1464 1393 toleravere,

335 1412 500 1491 proniores
524 1410 567 1471 ad
588 1409 716 1488 officia,
739 1410 826 1489 quod
848 1411 1091 1490 spernebantur.
1120 1413 1164 1472 At
1185 1412 1298 1474 Civilis
1320 1418 1353 1474 et
1374 1413 1465 1475 Clas-

336 1510 421 1571 sicus
442 1509 499 1569 ubi
520 1508 652 1588 pulsum
674 1510 844 1582 Tutorem,
866 1528 974 1571 caesos
989 1510 1157 1580 Treveros,
1179 1515 1296 1571 cuncta
1311 1510 1465 1573 hostibus
1485 1521 1514 1574 10

336 1627 488 1687 prospera
519 1626 682 1686 accepere,
714 1606 832 1686 trepidi
865 1626 902 1668 ac
933 1612 1157 1687 properantes,
1189 1607 1268 1668 dum
1296 1608 1465 1687 dispersas

336 1725 468 1767 suorum
496 1705 605 1784 copias
634 1705 836 1782 conducunt,
866 1704 983 1766 crebris
1012 1705 1143 1767 interim
1170 1706 1293 1767 nuntiis
1316 1706 1464 1769 Valenti-

337 1823 416 1864 num
444 1822 613 1881 monuere,
641 1823 682 1864 ne
710 1821 858 1863 summae
883 1802 929 1864 rei
950 1802 1130 1882 periculum
1152 1803 1277 1864 faceret.
1307 1804 1356 1865 llo
1379 1805 1465 1885 rapi-

336 1901 409 1962 dius
438 1901 585 1979 Oerialis,
614 1901 720 1961 missis
741 1901 776 1960 in
797 1900 1074 1978 Mediomatricos,
1103 1901 1160 1980 qui
1180 1901 1326 1963 breviore
1347 1902 1465 1965 itinere

335 2000 475 2076 legiones
500 2000 535 2059 in
555 1999 681 2060 hostem
703 2003 879 2076 verterent,
908 2002 1088 2075 contracte,
1116 1997 1294 2077 quoderat
1315 1999 1513 2065 militum15

337 2098 531 2175 Mogontiaci
559 2102 784 2177 quantumque
812 2116 922 2157 secum
950 2101 1188 2174 transuexerat,
1217 2096 1321 2160 tertiis
1349 2099 1464 2159 castris

336 2194 533 2272 Rigodulum
565 2196 669 2256 venit:
701 2214 799 2274 quern
830 2194 939 2255 locum
970 2214 1089 2271 magna
1117 2195 1331 2256 Treverorum
1359 2215 1465 2257 manu

339 2293 529 2354 Valentinus
551 2292 728 2370 insederat,
755 2292 921 2353 montibus
942 2296 999 2352 aut
1021 2292 1157 2353 Mosella
1177 2310 1273 2352 amne
1295 2297 1463 2371 saeptum3

336 2395 369 2451 et
399 2390 568 2451 addiderat
595 2390 697 2452 fossas
725 2390 896 2467 obicesque
925 2408 1087 2450 saxorum.
1119 2390 1185 2450 Nec
1214 2389 1398 2451 deterruere
1427 2411 1465 2453 ea

336 2488 540 2549 munimenta
566 2488 750 2549 Romanum
772 2487 905 2564 ducem,
934 2505 999 2566 quo
1021 2487 1129 2561 minus
1152 2486 1294 2566 peditem
1316 2507 1464 2566 perrum·
1481 2500 1513 2553 20

336 2606 410 2667 pere
448 2587 587 2661 iuberet,
625 2586 773 2663 equitum
812 2584 914 2646 aciem
953 2586 987 2644 in
1023 2584 1138 2645 collem
1169 2584 1317 2663 erigeret,
1353 2590 1464 2664 spreto

336 2685 444 2761 host-e,
472 2704 569 2763 quem
591 2687 709 2743 temere
731 2682 903 2744 collectum
924 2681 1005 2742 haut
1026 2682 1072 2742 ita
1093 2680 1164 2743 loco
1185 2682 1307 2759 iuvari,
1337 2687 1376 2743 ut
1398 2703 1465 2745 non

337 2783 410 2861 plus
439 2782 506 2842 suis
533 2781 568 2841 in
595 2781 715 2841 virtute
735 2780 825 2841 foret.
855 2779 994 2840 Paulum
1016 2799 1125 2841 morae
1146 2780 1179 2839 in
1202 2798 1352 2858 ascensu,
1383 2780 1464 2842 dum

337 2877 472 2939 missilia
492 2879 636 2940 hostium
657 2878 915 2957 praevehuntur:
938 2882 975 2939 ut
996 2882 1130 2939 ventum
1149 2877 1183 2937 in
1198 2896 1332 2955 manus,
1354 2878 1464 2940 detur·

336 2977 405 3038 bati
433 2977 545 3037 ruinae
566 2976 665 3037 modo
686 2976 956 3054 praecipitantur3
985 2979 1016 3035 et
1037 2993 1111 3054 pars
1133 2975 1280 3055 equitum
1302 2976 1464 3053 aequiori·
1481 2990 1513 3043 ⁴25

337 3075 397 3136 bus
418 3074 501 3151 iugis
523 3074 738 3136 circumvecta
758 3073 977 3135 nobilissimos
996 3072 1185 3150 Belgarum,
1206 3072 1240 3133 in
1255 3072 1329 3152 quis
1344 3072 1463 3135 ducem

337 3172 565 3249 Valentinum,
587 3172 680 3250 cepit.
704 3184 706 3187 ’

277 3275 322 3339 72
377 3269 510 3331 Cerialis
542 3274 669 3349 postero
698 3268 749 3329 die
778 3268 938 3330 coloniam
966 3268 1178 3328 Treverorum
1206 3267 1370 3345 ingressus
1399 3273 1462 3347 est,

337 3368 433 3429 avido
470 3367 574 3428 milite
608 3366 769 3428 eruendae
801 3366 949 3428 civitatis.
989 3366 1081 3427 Hace
1112 3384 1169 3426 esec
1202 3365 1345 3443 dmum,
1386 3366 1465 3429 hatte

341 3466 460 3527 Tutoris
493 3465 653 3545 patrium,
695 3466 802 3525 boram
839 3464 942 3525 scelere
978 3463 1096 3524 clavaca
1132 3482 1287 3541 eamusque
1326 3464 1463 3542 legiones.
1482 3478 1515 3533 30

339 3564 421 3636 Quid
458 3571 578 3623 tactam
618 3563 795 3623 Cremonam
828 3561 984 3639 cremisse,
1023 3580 1115 3638 quum
1152 3580 1167 3621 c
1203 3560 1316 3638 premio
1347 3561 1465 3623 Italiac

372 3874 396 3926 3.
422 3873 537 3940 liguisset
555 3874 585 3925 F.
612 3903 644 3911 —
664 3874 689 3925 4.
715 3872 822 3924 facturis
840 3873 871 3923 F.
897 3900 930 3909 —
950 3872 974 3922 7.
1000 3871 1067 3922 ausit
1085 3871 1116 3922 F.
1142 3900 1175 3908 -
1195 3870 1219 3923 9.
1245 3870 1288 3921 Ad
1307 3871 1339 3922 F.
1365 3900 1401 3910 -
1422 3874 1463 3926 15.

335 3981 420 4066 merel
443 4017 473 4067 F.
502 4045 533 4053 —
560 4016 601 4069 16.
627 4016 778 4067 traduxerat
803 4012 884 4081 Nipp.
908 4044 940 4051 —
960 4012 1002 4065 21.
1023 4014 1090 4065 colle
1109 4011 1151 4064 Fl.
1172 4042 1205 4051 -
1224 4012 1334 4079 erigeret
1353 4012 1368 4063 b
1387 4014 1464 4081 frige

337 4104 654 4209 mR-MMR
