3409 4909
317 438 375 501 198
741 456 883 499 connum
903 456 1014 500 numm
1288 442 1323 505 (a.
1343 457 1369 491 u.
1389 440 1442 493 823

315 645 397 695 mua
427 624 489 685 sint
520 623 665 684 transitus
691 623 880 701 incustoditi,
911 624 961 685 sed
988 623 1094 684 diurni
1121 633 1148 685 et
1176 624 1318 702 inermes,
1352 625 1444 687 donec

314 742 390 783 nona
411 731 438 782 et
458 721 586 783 recentia
606 720 678 780 iura
698 730 840 782 vetustate
860 721 894 782 in
908 720 1149 782 consuetudinem
1162 730 1327 783 cernatur.
1349 722 1442 783 Ara-

316 829 397 881 trane
425 818 596 879 habebimus
624 818 749 880 Ciuilem
776 828 803 879 et
838 819 1015 896 Velaedarn,
1043 818 1127 897 apud
1154 839 1226 898 quoa
1251 829 1345 897 pacta
1371 840 1443 881 aan-

315 917 438 979 cientar.
464 916 516 977 Sic
536 916 644 978 lenitis
665 917 844 994 TencteriS,
867 916 963 994 legati
985 915 1027 977 ad
1049 916 1187 979 Civilem
1208 922 1240 977 et
1261 916 1443 979 Velaedam

316 1015 408 1075 missi
436 1034 510 1075 cum
538 1014 631 1076 donis
657 1020 774 1076 cuncta
801 1035 842 1075 ex
869 1014 1038 1076 voluntate
1059 1014 1348 1093 Agrippinensium
1370 1028 1478 1094 per-5

315 1117 489 1191 patravere.
518 1111 580 1173 Sed
605 1131 713 1174 coram
740 1112 829 1173 adire
850 1111 1047 1192 adloquique
1070 1111 1245 1173 Velaedam
1267 1117 1442 1191 negatum,

316 1209 506 1270 arcebantur
527 1215 675 1288 aspectu,
697 1229 762 1288 quo
783 1209 998 1272 venerationis
1020 1210 1094 1289 plus
1108 1210 1235 1271 inesset.
1258 1211 1337 1290 Ipsa
1352 1210 1445 1273 edita

315 1308 349 1368 in
379 1313 482 1385 turre;
514 1308 657 1369 delectus
689 1327 706 1369 e
736 1308 928 1388 propinquis
960 1308 1107 1369 consulta
1135 1326 1369 1387 responsaque,
1404 1315 1445 1370 ut

315 1406 534 1467 internuntius
555 1406 716 1483 numinis,
737 1406 896 1485 portabat.

262 1505 301 1566 66
355 1504 467 1565 Civilis
488 1504 639 1566 societate
661 1504 947 1583 Agrippinensium
969 1508 1083 1564 auctus
1104 1504 1270 1582 proximas
1289 1504 1443 1566 civitates
1463 1517 1494 1571 10

315 1601 474 1663 adfectare
495 1607 552 1663 aut
572 1601 818 1663 adversantibus
835 1601 960 1662 bellum
974 1601 1091 1661 inferre
1105 1602 1227 1662 statuit.
1250 1601 1443 1681 Occupatis·

314 1718 377 1776 que
408 1698 546 1759 Sunucis
576 1704 609 1759 et
638 1700 807 1760 iuventute
838 1718 950 1759 eorum
981 1718 1038 1778 per
1065 1699 1213 1760 cohortes
1240 1700 1442 1778 composita,

313 1816 379 1876 quo
416 1797 525 1857 minus
562 1796 648 1857 ultra
685 1802 844 1876 pergeret,
883 1796 1039 1858 Claudius
1075 1797 1181 1858 Labeo
1213 1797 1442 1859 Baetasiorum

313 1894 581 1974 Tungrorumque
619 1899 651 1956 et
688 1895 881 1957 Nerviorum
918 1895 1135 1956 tumultuaria
1170 1913 1270 1955 manu
1302 1896 1441 1973 restitit,

314 1991 413 2052 fretus
434 1992 520 2069 loco,
542 1992 619 2070 quia
640 1997 773 2071 pontem
791 1993 901 2054 Mosae
915 1992 1060 2054 fluminis
1075 1997 1291 2072 anteceperat3
1315 2007 1491 2073 pugna-15

313 2089 472 2169 baturque
499 2092 533 2151 in
561 2091 718 2168 angustiis
743 2091 909 2168 ambigue,
938 2090 1040 2152 donec
1061 2091 1215 2152 Germani
1235 2096 1441 2153 tranatantes

244 2264 246 2266 Ι
313 2192 401 2265 terga
422 2188 579 2249 Labeonis
601 2189 755 2251 invasere.
783 2188 889 2249 Simul
910 2188 1038 2266 Civilis,
1061 2208 1159 2249 ausus
1180 2208 1224 2249 an
1244 2208 1285 2250 ex
1307 2209 1441 2269 compo-

313 2286 391 2363 sito,
419 2287 532 2347 intulit
559 2306 592 2348 se
613 2287 733 2365 agmini
755 2288 959 2364 Tungrorum
980 2292 1012 2348 et
1032 2288 1119 2348 clara
1141 2307 1233 2348 voce:
1261 2287 1334 2349 Non
1354 2288 1439 2366 ideo,

313 2384 435 2463 inquit,
463 2385 573 2445 bellant
594 2385 789 2464 sumpsimus,
814 2394 849 2445 at
868 2385 983 2445 Batavi
1002 2394 1030 2446 et
1053 2384 1169 2445 Treueri
1187 2384 1325 2462 gentibus
1344 2386 1439 2465 impe·

312 2493 392 2558 rent:
410 2483 517 2562 procat
538 2483 608 2545 baec
628 2504 648 2544 a
667 2484 751 2545 nobis
771 2484 966 2561 adrogantia.
987 2483 1121 2561 Accipite
1133 2483 1316 2544 societatem:
1340 2493 1439 2545 trans·
1457 2494 1490 2549 20

311 2582 432 2658 aredius
451 2582 494 2642 ad
513 2602 576 2658 nos,
596 2602 647 2643 sea
666 2602 713 2642 nne
733 2582 837 2643 dacern
857 2602 907 2642 secr
923 2581 1052 2642 mititem
1067 2581 1219 2642 mavultis.
1243 2580 1439 2644 Movebatur

313 2679 426 2756 volgus
454 2679 699 2759 condebantque
722 2678 862 2756 gladios,
891 2698 966 2741 cum
987 2679 1173 2758 Campanus
1195 2699 1232 2740 ac
1253 2680 1438 2758 Iuvenalis,

313 2796 330 2837 e
360 2777 555 2856 primoribus
587 2778 806 2855 Tungrorum,
839 2778 1024 2838 universam
1057 2777 1085 2838 ei
1117 2782 1246 2855 gentem
1274 2776 1437 2840 dedidere.

313 2875 419 2937 Labeo
440 2880 615 2955 antequam
637 2875 939 2952 circumveniretur,
961 2874 1112 2955 profugit.
1136 2875 1248 2938 Civilis
1270 2875 1438 2938 Baetasios

313 2992 442 3052 quoque
469 2992 506 3033 ac
534 2973 668 3034 Nervios
695 2973 729 3033 in
757 2972 854 3034 fidem
883 2977 1031 3052 acceptos
1057 2973 1158 3052 copiis
1179 2973 1245 3034 suis
1266 2972 1437 3053 adiunxit,
1456 2983 1490 3039 25

312 3072 424 3148 ingens
451 3090 574 3149 rerum,
602 3071 757 3149 perculsis
786 3071 968 3133 civitatium
996 3071 1114 3132 animis
1136 3071 1188 3134 vel
1208 3075 1324 3149 sponte
1345 3072 1438 3134 incli-

312 3168 475 3229 nantibus.

257 3278 297 3344 67
351 3266 479 3327 Interea
500 3266 605 3327 Iulius
622 3266 761 3327 Sabinus
775 3267 926 3345 proiectis
939 3265 1076 3337 foederis¹
1090 3266 1228 3327 Romani
1242 3285 1437 3329 monumen-

311 3363 353 3424 tis
383 3364 552 3424 Caesarem
583 3383 616 3424 se
648 3363 782 3425 salutari
812 3364 903 3425 iubet
929 3382 1146 3443 magnamque
1174 3368 1206 3424 et
1232 3362 1437 3426 inconditam

311 3462 519 3540 popularium
543 3461 673 3523 turbam
694 3462 728 3522 in
749 3461 915 3541 Sequanos
937 3462 1037 3540 rapit,
1066 3461 1301 3523 conterminam
1323 3462 1437 3524 civita·
1456 3472 1491 3527 30

346 3661 371 3713 2.
400 3671 526 3714 vetustate
550 3662 578 3713 in
602 3662 815 3714 consuetudinem
839 3660 952 3729 Madvig.
976 3662 1009 3711 In
1027 3666 1154 3713 uetustate
1173 3660 1324 3712 asuetudine
1343 3661 1374 3712 F.
1403 3691 1436 3700 -

308 3750 335 3803 3.
364 3751 405 3810 uel
430 3750 505 3823 edam
528 3751 587 3800 item
611 3768 644 3802 os.
670 3750 710 3801 14.
740 3780 772 3788 -
793 3752 817 3803 5.
845 3749 1049 3816 agrippiniensiu
1067 3750 1097 3800 F.
1127 3778 1160 3787 -
1181 3749 1222 3804 10.
1249 3749 1320 3800 ciuili
1339 3750 1369 3800 F.
1402 3780 1435 3788 —

307 3882 495 3949 ampinana
513 3884 543 3934 u.
564 3914 597 3922 -
619 3882 660 3935 12.
680 3849 774 3942 sunia
793 3884 823 3935 u.
844 3913 877 3922 -
899 3882 1379 3950 18.intulitseoda.⁸eq.intulissoF.
1402 3914 1434 3921 -„

308 3989 361 4023 non
386 3972 419 4023 do
442 3974 473 4024 F.
500 4003 532 4010 —
551 3972 594 4027 23.
619 3973 709 4025 etei
727 3974 757 4025 F.
785 4004 817 4011 —
837 3972 880 4027 25.
906 3973 1040 4024 adiuncxit
1058 3974 1089 4024 F.
1116 4002 1149 4010 -
1169 3970 1211 4027 26.
1237 3972 1328 4039 ingens
1345 3990 1435 4025 rerum

310 4060 535 4132 <incrementum>
558 4061 654 4116 Gornel.
676 4093 708 4100 —
728 4063 849 4129 perculsit
867 4063 890 4113 F
908 4064 937 4128 cf.
957 4061 1062 4116 201.19.
1084 4090 1116 4100 -
1136 4059 1178 4116 28.
1203 4062 1318 4113 romanis
1333 4061 1379 4114 Fl.
1402 4092 1434 4101 -

307 4150 351 4203 30.
371 4150 447 4201 turba
465 4152 495 4202 F.
