3409 4909
304 485 329 534 p.
349 468 397 519 Ch.
419 468 466 533 69)
655 483 882 527 ursromnauu
904 466 930 526 1.
952 467 1080 527 83—85.
1387 466 1426 529 47

304 652 446 713 concitas
483 651 586 713 habet:
624 660 744 713 senatns
780 652 931 712 nobismm
961 660 1010 712 est.
1049 650 1099 711 Sic
1124 650 1179 729 fit,
1218 660 1252 711 nt
1283 650 1354 711 hinc
1382 670 1428 711 res

300 750 438 829 prntlica3
473 750 545 810 inde
572 750 665 811 hostes
691 751 736 811 rei
758 749 898 829 pnblicae
925 750 1118 810 constiterint.
1153 750 1256 821 Qnid?
1286 769 1335 809 oos
1359 749 1427 827 pat-

303 848 486 909 cherrimam
514 848 592 908 tanc
618 848 719 908 arbem
745 848 880 908 domibus
907 857 934 908 et
964 849 1044 909 tectis
1071 856 1098 907 et
1126 855 1261 925 congesta
1288 847 1429 925 tapidum

303 955 382 1006 stare
405 946 549 1007 creditis?
570 946 660 1006 Mota
681 946 742 1006 ista
762 954 788 1007 et
809 946 953 1005 inanima
973 946 1148 1006 intercidere
1161 965 1197 1006 ac
1209 945 1348 1023 reparari
1361 965 1427 1023 pro-

273 1045 398 1111 smisca
419 1052 507 1104 nont:
529 1044 691 1104 aeternitas
711 1064 811 1104 reram
831 1051 859 1104 et
875 1064 938 1121 pac
956 1044 1091 1121 pontiam
1112 1051 1138 1103 et
1158 1063 1225 1103 rnea
1245 1063 1312 1104 cam
1331 1051 1428 1103 oestro

302 1142 385 1201 salies
414 1142 621 1202 incolumitate
647 1150 767 1203 senatres
788 1141 943 1220 firmatur.
974 1143 1065 1202 Hanc
1089 1143 1244 1220 asapieato
1265 1162 1284 1201 a
1305 1150 1428 1220 parente

303 1249 329 1300 et
361 1240 514 1300 conditore
544 1240 626 1300 corbis
656 1247 774 1300 nostrae
805 1239 980 1301 institution
1011 1249 1038 1300 et
1069 1260 1090 1300 a
1120 1239 1236 1318 reasons
1265 1260 1355 1317 nsque
1386 1240 1428 1299 ad

299 1338 459 1416 principes
479 1338 654 1398 continuam
674 1346 701 1398 et
717 1339 924 1415 inmortalem,
946 1340 1021 1399 sicin
1035 1358 1055 1397 a
1068 1338 1233 1398 materian
1247 1339 1426 1416 accepimns,

303 1436 345 1495 sic
368 1437 500 1514 posteris
528 1436 693 1497 tradamus.
722 1438 807 1497 Nam
826 1445 861 1497 nt
882 1457 914 1496 en
934 1436 1013 1496 cobis
1033 1445 1196 1514 senatores,
1225 1438 1271 1497 ita
1292 1457 1324 1497 en
1344 1456 1427 1495 sena-

259 1553 287 1608 10
305 1533 417 1593 tombam
440 1533 594 1611 principes
614 1543 787 1595 nasmntar.
820 1535 862 1594 Et
883 1535 985 1595 oratio
1007 1539 1083 1613 apta
1106 1533 1148 1593 ad
1168 1532 1426 1612 perstringendos
1442 1549 1482 1611 85

304 1630 560 1708 mulcendosque
581 1630 725 1691 militum
746 1631 887 1708 animos,
916 1637 948 1692 et
969 1632 1148 1693 severitatis
1169 1631 1286 1692 modus
1308 1633 1426 1710 (neque
1495 1700 1497 1703 g

304 1729 391 1788 enim
421 1728 457 1787 in
484 1728 592 1807 plures
620 1749 720 1808 quam
746 1730 782 1789 in
810 1728 891 1790 duos
919 1729 1135 1791 animadverti
1163 1730 1312 1806 iusserat)
1340 1735 1428 1806 grate

305 1831 452 1905 accepta,
474 1826 713 1906 compositique
723 1826 764 1887 ad
779 1846 943 1906 praesens,
965 1828 1022 1907 qui
1037 1827 1172 1888 coerceri
1187 1848 1252 1888 non
1267 1832 1426 1906 poterant.

292 1956 295 1960 >
344 1923 420 1984 Non
441 1928 552 1984 tamen
571 1924 663 2004 quies
684 1924 757 1985 urbi
777 1924 931 1986 redierat:
953 1926 1105 2004 strepitus
1127 1925 1266 1986 telorum
1284 1930 1316 1985 et
1330 1925 1427 1986 facies

259 2044 289 2096 15
305 2020 400 2098 belli,
421 2020 580 2082 militibus
602 2021 743 2082 utnihil
764 2021 798 2082 in
819 2042 991 2083 commune
1005 2021 1227 2097 turbantibus
1249 2023 1295 2082 ita
1310 2022 1427 2102 sparsis

306 2138 362 2198 per
390 2118 505 2180 domos
532 2119 658 2180 occulto
686 2111 801 2181 habitu
823 2124 855 2180 et
876 2120 1018 2198 maligna
1039 2140 1116 2181 cura
1137 2121 1170 2180 in
1192 2140 1320 2197 omnes,
1347 2140 1428 2200 quos
1517 2143 1520 2146 ·

306 2218 460 2279 nobilitas
488 2223 545 2278 aut
572 2237 648 2296 opes
677 2223 734 2279 aut
761 2218 872 2298 aliqua
899 2218 1034 2296 insignis
1063 2218 1222 2280 claritudo
1243 2217 1427 2279 rumoribus

308 2314 482 2376 obiecerat:
511 2315 702 2377 Vitellianos
730 2335 861 2396 quoque
888 2316 1008 2377 milites
1037 2317 1161 2377 venisse
1189 2316 1224 2376 in
1251 2317 1365 2377 tirbem
1386 2316 1428 2375 ad

309 2412 416 2474 studia
447 2414 589 2492 partium
620 2413 783 2475 noscenda
813 2414 958 2493 plerique
990 2414 1171 2475 eredebant.
1207 2414 1301 2475 Unde
1331 2414 1429 2493 plena

262 2527 295 2583 ‘20
311 2512 418 2571 omnia
446 2511 671 2591 suspicionum
696 2516 728 2573 et
754 2512 821 2574 vix.
836 2517 956 2573 secreta
977 2512 1137 2573 domuum
1157 2512 1226 2573 sine
1247 2511 1427 2572 formidine.

312 2606 370 2669 Sed
398 2608 576 2687 plurimum
603 2610 827 2689 trepidationis
855 2611 889 2670 in
916 2610 1064 2692 publica,
1092 2615 1130 2671 ut
1157 2628 1319 2689 quemque
1347 2628 1429 2668 nun-

312 2706 392 2766 tium
425 2706 514 2767 fama
545 2707 727 2785 adtulisset,
765 2708 913 2768 animum
950 2707 1141 2787 voltumque
1173 2707 1350 2782 conversis,
1389 2726 1430 2766 ne

316 2800 453 2864 diffidere
491 2803 598 2865 dubiis
636 2824 673 2865 ac
711 2825 827 2884 parum
865 2805 1003 2883 gaudere
1042 2806 1202 2884 prosperis
1234 2804 1428 2866 viderentur.

316 2898 426 2990 Coacta
448 2921 523 2963 vero
544 2901 578 2961 in
599 2903 722 2963 curiam
744 2908 859 2963 senatu
874 2902 994 2964 arduus
1011 2923 1117 2964 rerum
1133 2904 1281 2963 omnium
1295 2902 1428 2979 medua,

259 3015 352 3102 hisne
380 3003 557 3059 contumax
587 3000 770 3078 silentium,
808 3020 849 3061 ne
881 3006 1029 3080 suspecta
1061 3001 1207 3077 libertas;
1240 3007 1272 3061 et
1302 3001 1429 3082 privato

266 3145 271 3154 .
320 3094 429 3158 Othoni
467 3117 571 3177 nuper
601 3104 699 3178 atque
731 3099 843 3161 eadem
875 3099 995 3160 dicenti
1026 3104 1104 3159 nota
1136 3099 1289 3160 adulatio.
1327 3099 1431 3176 Igitur

321 3212 433 3256 versare
461 3196 636 3258 sententias
665 3202 697 3258 et
724 3198 788 3258 huc
817 3203 914 3277 atque
941 3197 1020 3257 illuc
1048 3202 1211 3277 torquere,
1243 3197 1370 3258 hostem
1398 3201 1430 3256 et

322 3292 502 3367 parricidam
539 3294 710 3355 Vitellium
745 3299 913 3372 vocantes,
951 3293 1254 3373 providentissimus
1293 3293 1446 3372 quisque

325 3386 492 3465 volgaribu's
513 3389 683 3467 conviciis3
706 3389 840 3470 quidam
862 3411 938 3452 vera
959 3391 1076 3470 probra
1096 3392 1212 3467 iacere,
1235 3391 1269 3450 in
1291 3391 1430 3450 clamore

291 3485 434 3564 atamen,
462 3492 495 3548 et
521 3487 578 3549 ubi
605 3488 765 3567 plurimae
791 3508 901 3567 voces,
930 3496 987 3549 aut
1008 3489 1153 3549 tumultu
1175 3489 1346 3550 verborum
1368 3487 1429 3547 sibi

260 3638 262 3642 .
329 3635 468 3650 Ἢ-

356 3726 376 3778 i.
396 3731 464 3799 inde]
491 3731 518 3781 in
543 3732 574 3782 F.
601 3760 634 3769 -·
658 3731 683 3782 4.
709 3732 792 3781 multa
815 3732 845 3782 F.
874 3761 904 3769 —
929 3732 1045 3781 inanima
1069 3731 1141 3797 Lips.
1161 3731 1249 3781 inania
1268 3732 1297 3781 F.
1319 3760 1351 3767 —
1371 3747 1430 3795 pro·

334 3815 406 3870 misene
423 3827 529 3894 possunt
548 3821 602 3871 cdd.
622 3838 672 3887 seq.
694 3850 726 3858 -
745 3819 770 3873 8.
796 3820 971 3883 sicamatorib3
997 3850 1029 3857 -
1050 3822 1074 3872 9.
1100 3820 1262 3882 exenatorib;
1283 3820 1312 3869 F.
1333 3849 1366 3855 —
1388 3819 1429 3871 10.

335 3907 395 3958 oratio
418 3918 476 3975 apta
500 3910 533 3960 ad
556 3909 766 3975 perstringendos
790 3909 886 3960 Meiser
909 3910 992 3960 oratio
1011 3909 1060 3973 pod
1079 3909 1258 3974 pstriugendos
1277 3908 1307 3958 F.
1334 3937 1365 3945 -
1389 3909 1429 3957 14.

259 4047 265 4066 'A
337 3992 466 4050 1111111111.
486 3998 557 4050 urbis
575 4000 605 4049 F.
632 4028 666 4036 —-
687 4000 727 4052 15.
752 3998 822 4066 belli]
842 3998 902 4049 belli
921 4007 946 4049 et
965 3999 995 4048 F.
1022 4027 1054 4035 -
1075 3998 1117 4048 21.
1144 4007 1172 4048 ut
1191 3999 1245 4047 cdd.
1265 4015 1314 4063 seq.
1336 4014 1388 4047 uim
1407 3996 1431 4046 F

339 4093 413 4151 lutuq3
438 4089 467 4139 F.
497 4118 529 4126 -
555 4089 597 4139 24.
627 4088 710 4138 ardun
731 4089 763 4139 F.
793 4118 826 4125 —
852 4088 894 4140 25.
923 4088 1026 4153 priuata
1051 4086 1092 4137 Fl.
1123 4117 1155 4124 —
1175 4085 1217 4138 26.
1243 4086 1338 4136 dicenti
1356 4084 1429 4151 Lips.

282 4185 285 4190 ’
341 4163 415 4224 decadi
429 4176 457 4227 F.
