3409 4909
337 462 395 523 204
762 479 904 522 coecum
925 479 1036 523 asom
1309 466 1345 532 (a.
1365 482 1390 515 u.
1410 463 1462 518 823

335 648 537 726 inposuerant.
562 648 639 720 Quot
655 648 779 726 proeliis
799 648 939 709 adversus
956 647 1088 709 Cimbros
1105 648 1317 727 Teutonosque,
1340 649 1465 727 quantis

334 747 513 807 exercituum
543 755 712 807 nostrorum
741 746 891 807 laboribus
921 766 1010 825 quove
1039 755 1142 807 eventu
1173 746 1357 807 Germanica
1384 746 1465 807 bella

337 845 577 920 tractaverimus,
608 845 683 904 satis
709 844 835 905 clarum.
865 845 926 905 Nec
953 844 1018 904 ideo
1046 844 1188 904 Rhenum
1215 844 1398 920 insedimus,
1431 854 1465 905 ut

335 942 464 1001 Italiam
488 938 651 1020 tueremur,
672 942 722 1003 sed
741 962 778 1002 ne
798 943 865 1020 quis
885 942 967 1003 alius
988 942 1157 1003 Ariovistus
1173 962 1263 1020 repno
1281 941 1463 1003 Galliarum

332 1040 486 1117 potiretur.
518 1041 571 1100 An
601 1060 650 1100 ovs
675 1041 803 1100 cariores
832 1039 924 1100 aluta
951 1040 1135 1117 Batavisque
1162 1047 1189 1099 et
1219 1039 1496 1104 Transrhenanisb

333 1136 469 1213 pentibus
499 1137 633 1214 creditis,
666 1158 758 1215 quam
789 1137 956 1198 maioribus
986 1158 1088 1197 eorum
1114 1146 1213 1215 patres
1240 1138 1347 1215 avique
1375 1139 1466 1199 vestri

337 1235 481 1305 filerunt?
508 1235 623 1295 Eadem
651 1256 762 1314 semper
782 1255 874 1297 corma
899 1236 1059 1296 Germanis
1081 1236 1309 1297 transcendendi
1328 1237 1364 1297 in
1389 1236 1465 1297 Gal-

336 1334 408 1409 lias,
439 1333 530 1394 libido
558 1343 647 1411 atque
674 1334 809 1394 avaritia
833 1343 861 1394 et
881 1333 1048 1393 mutandae
1068 1333 1144 1393 sedis
1164 1353 1266 1410 amor,
1294 1342 1330 1393 ut
1350 1334 1466 1396 relictis

333 1431 497 1509 patruelibus
524 1441 550 1492 et
576 1432 790 1492 solitudinibus
815 1432 877 1492 suis
893 1431 1146 1508 fecundissimum
1167 1430 1218 1491 hoe
1237 1431 1337 1491 solum
1357 1451 1465 1510 vosque

333 1529 410 1607 ipsos
426 1529 618 1607 possiderent.
642 1530 775 1590 Ceterum
800 1529 920 1589 libertas
941 1538 967 1589 et
988 1529 1116 1607 speciosa
1135 1528 1262 1588 nomina
1279 1538 1464 1606 praetexun-
1483 1538 1513 1592 10

336 1634 400 1696 tur,·
427 1646 479 1688 nec
499 1627 657 1704 quisquam
678 1626 814 1686 alienum
834 1626 988 1687 servitium
1009 1635 1035 1686 et
1057 1626 1295 1687 dominationem
1316 1626 1376 1687 sibi
1397 1647 1463 1689 cou-

333 1723 459 1800 cupivit,
487 1732 520 1783 ut
547 1743 608 1783 non
631 1724 734 1783 eadem
755 1723 815 1783 ista
835 1723 980 1783 voeabula
1000 1732 1169 1801 usurparet.
1196 1724 1304 1801 Reqna
1326 1724 1464 1803 bellaque

280 1823 319 1886 74
329 1840 384 1898 per
417 1820 539 1881 Gallias
568 1842 679 1899 semper
704 1820 805 1899 fuere,
838 1821 927 1881 donec
956 1822 990 1881 in
1020 1830 1156 1882 nostrum
1183 1822 1231 1882 ius
1258 1823 1462 1884 concederetis.

333 1918 410 1996 Nos,
439 1939 626 1997 quamquam
655 1920 758 1979 totiens
787 1920 927 1997 lacessiti,
956 1920 1022 1980 iure
1048 1920 1188 1980 victoriae
1208 1920 1242 1980 id
1262 1921 1361 1981 solum
1383 1920 1463 1982 vobis

332 2016 525 2094 addidimus,
564 2037 621 2094 quo
647 2037 753 2095 pacem
786 2026 950 2077 tueremur:
984 2036 1059 2077 nam
1089 2036 1181 2094 neque
1211 2017 1292 2094 quies
1322 2019 1462 2095 pontium
1481 2025 1511 2080 15

331 2113 394 2173 sine
428 2114 524 2173 armis
558 2134 650 2192 neqve
687 2134 776 2174 arma
806 2114 870 2174 sine
900 2114 1058 2193 stipendiis
1088 2134 1180 2193 neque
1210 2114 1366 2193 stipendia
1399 2116 1462 2177 siue

334 2211 451 2272 tributis
479 2212 581 2272 haberi
606 2221 724 2290 queunt.
756 2212 858 2272 Cetera
885 2212 919 2272 in
946 2213 1099 2273 communi
1124 2212 1184 2272 sita
1203 2221 1290 2273 sunt:
1318 2214 1381 2291 ipsi
1398 2214 1461 2293 ple·

332 2330 456 2387 rumque
495 2311 657 2388 leqionibus
692 2311 800 2370 nostris
829 2311 1022 2388 praesidetis,
1060 2310 1120 2389 ipsi
1152 2311 1210 2370 has
1236 2310 1376 2389 aliasque
1404 2332 1463 2390 pro

331 2407 444 2468 vincias
463 2408 581 2486 eequis·
602 2408 684 2468 nihil
703 2417 877 2486 separatum
898 2409 1075 2469 clausumve.
1097 2409 1137 2467 Et
1159 2408 1357 2479 laudatorum
1371 2411 1460 2487 priu-

331 2504 432 2582 cipum
452 2526 523 2566 visits
542 2525 574 2566 eu
595 2525 703 2583 aequo,
732 2505 869 2583 quamvis
885 2505 993 2583 procul
1013 2505 1185 2583 apsntibus:
1213 2506 1292 2569 suevi
1309 2507 1462 2585 proximis
1477 2514 1509 2569 20

331 2602 487 2679 inqruunt.
529 2602 681 2675 Quomodo
715 2602 905 2664 sterilitatem
942 2613 997 2663 aut
1027 2603 1138 2664 nimios
1168 2603 1275 2663 imbres
1306 2612 1334 2664 et
1365 2614 1460 2666 cetera

331 2710 459 2761 natiuae
484 2702 587 2778 mala,
614 2702 661 2761 ita
690 2702 790 2761 luviem
819 2702 863 2761 vel
891 2701 1057 2762 avaritiam
1078 2701 1304 2761 dominantium
1326 2703 1458 2763 tolerate.

340 2797 422 2857 Vitia
440 2808 543 2873 erunt,
569 2799 660 2860 donec
680 2800 828 2870 homines·
851 2800 902 2859 sed
921 2819 1013 2876 neqve
1034 2799 1104 2859 haec
1124 2800 1284 2876 continua,
1307 2810 1334 2861 et
1354 2801 1459 2862 meliv-

330 2916 399 2955 rum
426 2896 590 2957 interventu
607 2905 782 2975 pensantur.
811 2898 882 2957 Nisi
896 2896 977 2973 forte
1001 2896 1107 2957 Tutore
1127 2906 1154 2957 et
1177 2896 1305 2957 Classico
1326 2918 1458 2975 requaer-

332 2993 408 3053 tibus
433 2995 617 3055 moderatius
643 2995 805 3073 imperium
826 2995 967 3073 speratis,
996 3004 1051 3055 aut
1071 2994 1239 3055 minoribus
1259 3015 1355 3072 quam
1377 3016 1458 3057 nunc
1475 3002 1506 3057 25

331 3091 449 3152 tributis
465 3092 660 3171 parabuntur
680 3095 834 3162 exercitus,
857 3092 963 3171 quibus
986 3092 1133 3153 Germani
1156 3093 1359 3171 Britannique
1379 3114 1458 3155 arce-

329 3199 430 3250 antur.
459 3191 543 3250 Nam
566 3192 679 3269 pulsis,
701 3192 787 3268 'quod
812 3191 860 3251 dii
880 3191 1071 3269 prohibeant,
1099 3190 1248 3251 Romanis
1269 3190 1344 3269 quid
1366 3192 1458 3253 aliud

329 3307 420 3364 quam
449 3288 526 3347 bella
554 3288 690 3348 omnium
717 3288 795 3348 inter
821 3308 849 3348 se
876 3288 1012 3365 pentium
1036 3287 1178 3348 enisum?
1209 3286 1457 3365 Octinqentvrum

329 3405 480 3445 annorum
511 3385 641 3462 fortuna
676 3386 894 3464 disciplinaque
924 3405 1077 3464 compapcs
1108 3385 1179 3447 haec
1209 3386 1339 3460 coaluit,
1382 3408 1458 3465 quae

328 3484 451 3544 coruvelli·
470 3484 533 3544 sine
553 3484 641 3543 ervitio
661 3484 886 3544 convellentium
907 3504 968 3544 non
985 3492 1088 3561 potest.
1109 3482 1168 3543 Sed
1187 3482 1267 3544 vobis
1281 3484 1457 3545 mavimam
1474 3490 1508 3545 30

329 3582 503 3658 discrimen,
521 3601 609 3659 penes
629 3601 700 3659 quos
716 3602 827 3642 aureum
842 3590 869 3641 et
884 3602 964 3660 opes,
982 3581 1164 3660 praecipuae
1178 3580 1323 3641 bellorum
1338 3602 1456 3644 causac.

328 3679 461 3740 Proinde
486 3700 592 3757 pacem
622 3688 648 3739 et
679 3679 796 3755 urbem,
832 3699 924 3757 quam
954 3679 1024 3740 victi
1053 3679 1228 3757 victoresque
1258 3678 1359 3739 eodem
1391 3681 1457 3741 iure

328 3776 503 3853 obtinemus,
532 3786 634 3837 amate
661 3777 755 3837 colite.
774 3777 928 3838 ‘Maneant
956 3797 1004 3837 vos
1030 3776 1184 3854 utriusque
1199 3775 1346 3853 fortunae
1368 3778 1456 3839 docu-

327 3884 444 3951 menta,
480 3895 516 3934 ne
550 3875 772 3936 contumaciam
802 3895 870 3935 cum
897 3874 1028 3953 pernicie
1059 3894 1152 3953 quam
1183 3873 1355 3952 obsequium
1388 3896 1456 3937 cerm

365 4088 387 4137 1.
407 4086 476 4151 quod
495 4087 518 4136 F
520 4126 525 4135 .
546 4116 578 4124 —
599 4085 623 4136 2.
644 4092 739 4137 euentu
757 4087 779 4136 F
799 4087 868 4153 l-rlel.
889 4088 941 4152 est).
964 4116 996 4123 -
1016 4087 1040 4139 5.
1060 4086 1142 4137 ciuilis
1161 4083 1202 4136 Fl.
1223 4086 1316 4138 -17,
1336 4084 1455 4138 cbmunis

328 4175 368 4227 Ita
388 4176 417 4225 F.
441 4204 471 4211 -
491 4174 534 4226 ⁴27.
554 4175 622 4241 pulsi
641 4176 671 4225 F.
1323 4190 1327 4196 ·
