3409 4909
271 500 299 549 p.
322 481 370 536 th.
391 480 437 546 69)
626 495 854 539 ursroruaaun
876 477 902 537 I.
925 476 1052 538 23-28.
1363 479 1400 539 15

273 668 377 732 etiam
407 666 495 745 apud
528 666 667 742 integros
700 664 916 726 dissimulatio
948 664 1026 742 fuit,
1058 669 1095 726 ut
1122 672 1249 744 postero
1278 665 1400 726 Iduum

273 765 540 843 <Ianuariarum
582 763 634 825 die
675 763 865 825 redeuntem
905 782 924 823 a
962 781 1041 823 cena
1079 762 1241 824 Othonem
1276 763 1401 841 rapturi

273 863 414 941 fuerint,
435 862 471 922 ni
492 862 613 923 incerta
634 862 738 922 noctis
759 866 791 922 et
812 865 881 921 tota
901 860 980 920 urbe
1001 879 1112 939 sparsa
1133 860 1276 922 militum
1298 866 1401 921 castra

273 980 336 1022 nec
357 960 487 1021 facilem
508 961 592 1021 inter
612 958 808 1021 temulentos
830 977 1024 1019 consensum
1046 958 1246 1036 timuissent,
1268 979 1334 1020 non
1355 960 1400 1020 rei

235 1058 427 1139 tpublicae
456 1077 548 1135 cura,
576 1077 676 1137 quam
704 1055 832 1117 foedare
860 1056 1014 1136 principis
1043 1057 1094 1117 sui
1122 1057 1277 1134 sanguine
1303 1057 1401 1118 sobrii

273 1156 452 1237 parabant,
485 1155 541 1217 sed
561 1170 609 1216 ¹ne
635 1175 693 1234 per
720 1154 885 1231 tenebrae,
913 1160 951 1215 ut
978 1155 1115 1233 quisque
1143 1155 1321 1215 Pannonici
1349 1154 1400 1215 vel

275 1252 463 1315 Germanici
498 1253 657 1314 exercitus
688 1252 848 1313 militibus
880 1252 1009 1313 oblatus
1041 1257 1138 1328 esset,
1177 1251 1400 1329 ignorantibus

274 1351 457 1431 plerisque,
484 1370 543 1430 pro
572 1349 700 1412 Othone
721 1348 944 1411 destinaretur.
974 1349 1079 1410 Multa
1100 1350 1298 1428 erumpentis
1321 1348 1401 1410 sedi-

274 1449 376 1510 tionis
403 1448 524 1509 indicia
545 1466 601 1527 per
622 1448 766 1509 conscios
788 1467 958 1526 oppressa:
987 1445 1148 1526 quaedam
1169 1446 1257 1526 apud
1279 1447 1401 1508 Galbae

219 1558 256 1612 10
275 1565 372 1607 aures
399 1544 580 1625 praefectus
605 1545 689 1606 Laco
711 1544 823 1619 elusit,
851 1545 982 1621 ignarus
1003 1543 1196 1604 militarium
1218 1546 1401 1605 animorum

275 1643 470 1722 consiliique
488 1642 637 1721 quamvis
652 1642 783 1720 egregii,
806 1642 894 1721 quod
907 1662 972 1703 non
989 1642 1057 1721 ipse
1072 1641 1227 1719 adferret,
1249 1642 1401 1703 inimicus

275 1747 310 1803 et
331 1741 486 1803 adversus
507 1740 626 1820 peritos
648 1740 809 1819 pervicax.

320 1840 442 1901 Octavo
470 1838 595 1900 decimo
623 1837 788 1898 Kalendas
810 1835 1002 1897 Februarias
1024 1836 1222 1897 sacrificante
1242 1855 1301 1914 pro
1322 1835 1401 1897 aede
1416 1840 1454 1903 27

276 1936 442 2016 Apollinis
463 1935 585 1997 Galbae
606 1935 770 2013 haruspex
788 1933 972 1994 Umbricius
991 1933 1095 1994 tristia
1110 1939 1184 1994 exta
1199 1940 1230 1995 et
1245 1935 1401 1995 instantes

221 2051 255 2102 15
275 2033 413 2094 insidias
441 2053 479 2094 ac
506 2032 722 2094 domesticum
749 2032 877 2092 hostem
899 2031 1071 2110 praedicit,
1101 2031 1252 2094 audiente
1274 2033 1401 2094 Othone

277 2134 372 2209 (nam
400 2131 568 2210 proximus
596 2130 778 2207 adstiterat)
806 2127 905 2207 idque
933 2135 970 2190 ut
997 2129 1119 2191 laetum
1147 2150 1164 2190 e
1190 2131 1349 2191 contrario
1371 2134 1402 2191 et

278 2229 347 2290 suis
368 2228 616 2306 cogitationibus
638 2247 829 2308 prosperum
850 2227 1090 2305 interpretante.
1117 2227 1182 2289 Nec
1204 2228 1307 2289 multo
1330 2232 1403 2307 post

278 2326 415 2387 libertus
444 2327 639 2388 Onomastus
667 2326 797 2387 nuntiat
826 2326 990 2405 expectari
1016 2345 1090 2386 eum
1112 2326 1152 2386 ab
1175 2326 1349 2387 architecto
1372 2332 1403 2387 et

277 2424 554 2503 redemptoribus;
584 2443 667 2503 quae
696 2423 887 2501 significatio
911 2423 1099 2483 coeuntium
1119 2423 1186 2483 ianr
1207 2424 1350 2485 militum
1371 2428 1403 2483 et

222 2538 259 2593 20
278 2527 413 2602 paratae
451 2521 682 2583 coniurationis
720 2526 922 2582 convenerat.
962 2521 1048 2581 Otho
1080 2540 1212 2581 causam
1243 2520 1403 2596 digressus

278 2618 518 2698 requirentibus
540 2637 615 2679 curn
637 2618 701 2679 erni
723 2617 784 2678 sibi
805 2616 937 2695 praedia
958 2622 1118 2678 vetustate
1139 2622 1287 2695 suspecta
1302 2637 1403 2695 eoque

279 2718 370 2797 prius
399 2715 601 2795 exploranda
629 2715 791 2791 finxisset,
818 2714 952 2776 innixus
980 2715 1095 2776 liberto
1119 2734 1176 2793 per
1197 2713 1403 2775 Tiberianam

280 2815 416 2877 domum
436 2815 472 2874 in
492 2813 686 2889 Velabrum,
707 2811 782 2872 inde
805 2812 847 2872 ad
868 2811 1045 2872 miliarium
1067 2831 1200 2872 aureum
1216 2811 1276 2872 sub
1291 2812 1415 2881 aedem.

279 2912 411 2974 Saturni
440 2910 551 2990 pergit.
579 2910 631 2971 lbi
653 2917 716 2971 tres
737 2914 769 2970 et
790 2909 904 2985 viginti
927 2907 1142 2986 speculatores
1163 2908 1403 2970 consalutatum

224 3028 259 3083 ‘25
279 3011 508 3089 imperatorem
537 3028 574 3069 ac
602 3008 766 3087 paucitate
794 3007 1008 3067 salutantium
1036 3006 1200 3085 trepidum
1223 3010 1284 3085 [et]
1307 3008 1403 3068 sellae

279 3108 470 3169 festinanter
498 3106 688 3185 impositum
717 3105 836 3165 strictis
860 3104 1069 3165 mucronibus
1091 3105 1238 3182 rapiunt:
1266 3104 1404 3165 totidem

280 3204 381 3265 ferme
402 3204 522 3264 milites
543 3203 578 3263 in
598 3203 712 3263 itinere
734 3202 963 3279 adgregantur,
992 3202 1046 3261 alii
1069 3202 1281 3278 conscientia,
1310 3201 1404 3280 pleri-

280 3321 343 3381 que
358 3300 531 3378 miraculo,
553 3320 628 3379 pars
641 3300 780 3360 clamore
797 3304 829 3360 et
842 3299 984 3377 gaudiiS,
1006 3318 1080 3377 pars
1096 3298 1239 3375 silenti0,
1256 3300 1402 3359 animum

280 3420 322 3461 ex
342 3404 463 3460 eventu
484 3398 654 3477 sumpturi.
677 3397 857 3458 Stationem
878 3397 913 3456 in
934 3397 1046 3457 castris
1069 3396 1182 3473 agebat
1200 3396 1304 3456 Iulius
1320 3396 1403 3456 Mar·
1418 3404 1457 3464 28

224 3523 261 3577 30
279 3498 368 3559 tialis
396 3496 555 3558 tribunus.
585 3496 617 3557 Is
647 3495 870 3573 magnitudine
897 3494 996 3555 subiti
1018 3493 1159 3570 sceleris,
1190 3513 1231 3553 an
1253 3499 1403 3570 corrupta

318 3742 340 3791 1.
367 3738 462 3789 Iduum
488 3734 707 3807 <Ianuariarum>
732 3736 774 3786 dic
801 3735 931 3801 Woelfflin,
956 3735 1045 3786 iduum
1068 3735 1109 3786 dic
1128 3736 1182 3785 cdd.
1202 3736 1260 3785 dett.
1280 3735 1403 3800 scripturo

278 3829 333 3880 cod.
353 3828 375 3878 F
395 3828 439 3878 boc
459 3827 510 3877 Ioco
529 3826 641 3877 arianida
660 3832 708 3888 cst,
729 3825 765 3874 ibi
783 3843 862 3891 aspra
880 3842 976 3875 reanum
993 3825 1112 3890 scriptura
1122 3832 1156 3874 cst
1166 3824 1256 3874 iduum
1268 3823 1348 3874 dieru.
1369 3852 1402 3860 —

277 3918 303 3968 4.
324 3903 376 3967 ini
394 3916 546 3967 emulentos.
567 3944 600 3952 -
620 3913 644 3966 8.
664 3913 857 3979 erumpentibus
869 3895 916 3963 Fls
933 3916 1003 3980 (corr.
1015 3931 1045 3962 ra.
1054 3913 1157 3978 prima).
1178 3941 1210 3949 —-
1222 3912 1246 3962 a.
1266 3910 1348 3976 galba.
1369 3939 1402 3947 —

280 4008 322 4058 11.
342 4006 440 4057 afferet.
460 4035 494 4042 —
509 4004 550 4058 16.
569 3990 713 4055 adsisterat.
728 4032 761 4070 .-
773 4004 813 4054 17.
833 3986 986 4068 intptantcs
997 3999 1038 4052 Fl.
1055 4030 1089 4037 —
1100 3999 1142 4052 23.
1155 4000 1301 4051 subendam
1313 3998 1354 4050 F1.
1369 4028 1402 4035 -

278 4096 322 4148 25.
343 4095 389 4163 [et]
408 4094 508 4145 rcclttsit
528 4112 547 4144 r.
567 4092 698 4159 IJecvadp'k
717 4091 822 4156 (Maeni.
844 4090 921 4143 1889.
938 4110 964 4157 p.
988 4091 1048 4154 lii)
1069 4091 1125 4140 item
1144 4089 1233 4140 Nouoi·
1252 4090 1280 4138 ia
1300 4090 1357 4139 cdii.
1378 4106 1401 4137 a.

281 4182 359 4238 1892.
379 4212 413 4221 -·
432 4181 475 4236 28.
494 4191 519 4233 et
538 4181 637 4249 gaudiis
656 4182 771 4232 Faernus
790 4189 814 4231 et
833 4180 924 4246 gladiis
942 4180 972 4230 F.
994 4210 1026 4218 -
1046 4179 1088 4232 30.
1107 4180 1155 4230 his.
