3409 4909
255 490 281 540 p.
301 472 347 523 Ch.
367 472 412 539 69)
588 488 815 532 rrrsronranun
837 472 893 531 IV.
917 471 1043 532 25—28.
1317 470 1375 535 173

255 675 329 735 pars
360 675 435 717 cum
468 657 632 718 Herennio
665 657 759 719 Gallo
791 658 977 737 permansit.
1013 659 1107 718 Forte
1139 677 1254 719 navem
1287 657 1375 718 haud
1391 658 1428 722 27

256 754 369 834 procul
397 754 525 832 castris,
554 754 717 816 frumento
745 774 892 832 gravem,
921 774 995 816 eum
1024 775 1080 835 per
1101 755 1184 817 vada
1206 754 1375 830 haesisset,

256 852 411 913 Germani
431 852 466 912 in
486 872 579 913 suam
594 853 700 931 ripam
715 852 895 913 trahebant.
918 854 991 914 Non
1005 853 1082 914 tulit
1096 852 1210 914 Gallus
1225 852 1377 931 misitque

256 948 401 1011 subsidio
423 950 603 1012 eohortem:
626 956 740 1012 auctus
762 955 794 1011 et
818 950 1054 1012 Germanorum
1075 970 1245 1027 numerus,
1266 950 1377 1028 paula-

221 1048 381 1127 5timque
413 1048 660 1126 adgregantibus
691 1067 724 1109 se
756 1047 888 1109 auxiliis
920 1050 987 1109 acie
1018 1053 1185 1109 certatum.
1225 1048 1378 1108 Germani

256 1145 362 1207 multa
389 1165 464 1207 cum
489 1152 593 1223 strage
614 1151 797 1207 nostrorum
820 1166 937 1207 navem
960 1146 1140 1225 abripiunt:
1171 1146 1262 1222 victi,
1291 1145 1378 1225 quod

255 1250 328 1305 turn
349 1244 384 1304 in
404 1264 527 1305 morem
549 1249 704 1321 verterat,
729 1264 795 1305 non
817 1263 910 1304 suam
931 1244 1110 1322 ignaviam,
1132 1244 1187 1304 sed
1209 1243 1378 1323 perfidiam

256 1342 355 1419 legati
376 1341 559 1421 culpabant.
585 1343 788 1403 Protractum
810 1362 827 1402 e
848 1344 1002 1421 tentorio,
1024 1342 1122 1403 scissa
1143 1348 1248 1419 veste,
1271 1342 1379 1402 verbe-

257 1444 328 1501 rato
357 1458 503 1519 corpore,
532 1460 597 1519 quo
623 1440 742 1519 pretio,
774 1440 894 1519 quibus
922 1440 1057 1501 consciis
1078 1439 1272 1518 prodidisset
1292 1458 1379 1499 exer-

205 1556 240 1611 10
258 1537 377 1614 citum,
405 1536 509 1599 dicere
537 1537 659 1599 iubent.
688 1537 785 1599 Redit
812 1539 846 1598 in
873 1537 1096 1599 Hordeonium
1117 1537 1256 1598 invidia:
1285 1536 1379 1596 illum

259 1640 423 1697 auctorem
452 1635 593 1713 sceleris,
623 1636 710 1696 hunc
738 1636 924 1697 ministrum
953 1639 1085 1713 vocant,
1114 1634 1215 1696 donec
1243 1634 1380 1695 exitium

258 1732 487 1794 minitantibus
515 1734 686 1795 exterritus
707 1733 925 1812 proditionem
946 1734 1066 1812 etipse
1088 1732 1275 1794 Hordeonio
1297 1732 1381 1793 obie-

260 1830 320 1907 cit;
344 1830 535 1909 vinctusque
550 1831 693 1892 adventu
708 1831 841 1891 demum
857 1832 999 1892 Voculae
1014 1831 1184 1892 exolvitur.
1207 1830 1240 1890 ls
1254 1835 1381 1909 postera

260 1928 313 1989 die
347 1933 493 1990 auctores
523 1929 689 1990 seditionis
720 1934 822 1990 morte
855 1928 988 1990 adfecit:
1026 1934 1117 1990 tanta
1147 1928 1196 1990 illi
1228 1928 1382 1989 exercitui

207 2047 242 2100 15
262 2025 433 2086 diversitas
459 2026 563 2087 inerat
589 2025 738 2087 licentiae
759 2026 1008 2105 patientiaeque.
1038 2026 1137 2086 Haud
1159 2025 1256 2086 dubie
1277 2044 1382 2102 grega-

261 2123 328 2182 rius
351 2122 443 2183 miles
463 2122 595 2184 Vitellio
617 2122 717 2199 fidus,
744 2123 1027 2202 splendidissimus
1049 2124 1186 2203 quisque
1207 2124 1241 2184 in
1263 2124 1382 2202 Vespa-

261 2220 389 2281 sianum
431 2222 540 2300 proni:
583 2222 658 2281 inde
700 2221 857 2281 scelerum
894 2241 931 2283 ac
969 2221 1203 2301 suppliciorum
1235 2222 1320 2283 vices
1352 2226 1384 2281 et

262 2318 386 2379 mixtus
408 2319 560 2398 obsequio
582 2319 685 2396 furor,
710 2324 745 2379 ut
765 2320 925 2380 contineri
945 2339 1011 2380 non
1034 2325 1178 2399 possent,
1202 2320 1258 2397 qui
1275 2314 1384 2398 puniri

263 2421 421 2496 poterant.

207 2535 244 2589 20
304 2515 348 2574 At
375 2514 512 2576 Civilem
537 2514 693 2575 inmensis
714 2514 863 2575 auctibus
885 2515 1036 2575 universa
1058 2514 1230 2575 Germania
1252 2513 1383 2574 extolle·
1399 2518 1437 2579 28

263 2612 335 2689 bat,
365 2613 514 2674 societate
535 2612 746 2673 nobilissimis
768 2612 919 2673 obsidum
940 2612 1076 2673 firmata.
1106 2612 1181 2689 lile,
1210 2616 1247 2672 nt
1268 2612 1384 2690 cuique

265 2710 466 2789 proximum,
504 2711 625 2772 vastari
656 2710 756 2772 Ubios
787 2711 1024 2788 Treverosque,
1057 2716 1089 2771 et
1120 2710 1218 2769 aliam
1250 2728 1385 2769 manum

264 2808 390 2869 Mosam
418 2828 548 2869 amnem
575 2809 710 2869 transire
739 2807 843 2884 iubet,
874 2814 911 2869 ut
938 2808 1105 2887 Menapios
1134 2812 1165 2867 et
1190 2806 1333 2867 Morinos
1354 2812 1386 2866 et

266 2910 410 2966 extrema
437 2906 617 2967 Galliarum
648 2910 803 2983 quateret.
833 2907 934 2965 Actae
961 2904 1132 2984 utrobique
1157 2903 1310 2983 praedae,
1338 2904 1386 2963 in-

209 3024 245 3079 25
265 3002 378 3064 festius
412 3004 446 3063 in
485 3004 592 3082 Ubiis,
631 3004 721 3084 quod
750 3022 827 3081 gens
862 3003 1071 3064 Germanicae
1101 3002 1232 3079 originis
1263 3001 1387 3062 eiurata

266 3100 371 3180 patria
390 3101 611 3161 Romanorum
632 3120 751 3162 nomen
772 3100 1024 3179 Agrippinenses
1045 3103 1244 3161 vocarentur.
1270 3099 1387 3159 Caesae

266 3198 411 3260 cohortes
449 3218 560 3260 eorum
601 3184 645 3260 in
676 3200 747 3260 vico
784 3198 976 3259 Marcoduro
1011 3197 1204 3258 incuriosius
1242 3202 1386 3273 agentes,

267 3297 344 3375 quia
374 3296 486 3377 procul
516 3298 586 3376 ripa
617 3297 763 3367 aberant,
796 3316 855 3357 nec
887 3296 1035 3374 quievere
1069 3294 1155 3372 Ubii,
1188 3314 1252 3372 quo
1280 3294 1388 3353 minus

267 3394 402 3473 praedas
430 3415 446 3455 e
475 3396 648 3456 Germania
673 3400 834 3474 peterent,
864 3395 968 3473 primo
990 3395 1127 3473 inpune,
1157 3392 1232 3452 dein
1255 3393 1388 3452 circum-

214 3513 251 3567 30
269 3493 358 3553 venti
389 3498 480 3568 sunt,
515 3512 572 3571 per
604 3511 699 3552 omne
730 3491 764 3552 id
795 3491 918 3552 bellum
950 3492 1081 3552 meliore
1113 3490 1164 3550 usi
1196 3489 1258 3550 fide
1290 3509 1388 3568 quarn

268 3590 407 3651 fortuna.
436 3591 586 3651 Contusis
614 3590 704 3651 Ubiis
732 3590 859 3667 gravior
887 3594 918 3649 et
945 3608 1093 3650 successu
1122 3607 1228 3649 rerum
1257 3588 1390 3648 ferocior

269 3752 427 3759 -.-———.

310 3857 333 3907 1.
364 3856 504 3921 permansit
522 3856 544 3906 F
563 3855 685 3906 remansit
703 3854 783 3921 Nipp.
803 3854 893 3904 Halm.
923 3884 954 3890 -
976 3854 999 3906 6.
1028 3852 1156 3918 arripiunt
1175 3851 1216 3903 Fl.
1246 3881 1278 3889 -
1299 3853 1322 3903 7.
1350 3856 1390 3902 tir-

269 3980 356 4031 Imcre
375 3980 405 4031 F.
425 4010 458 4017 —
480 3981 519 4033 13.
540 3946 654 4045 uilitusq5
674 3980 696 4029 F
716 4009 748 4016 -
770 3980 811 4032 lt.
831 3978 1005 4044 splendissim;
1026 4008 1059 4015 —
1079 3975 1121 4027 22.
1142 3976 1185 4027 ubi
1204 3983 1273 4027 ostre
1289 3976 1388 4042 uirosq3

275 4069 297 4119 F
315 4098 346 4105 —
365 4068 442 4119 aliam
453 4085 558 4119 manum
569 4067 725 4118 Maiestam
734 4067 785 4117 alia
795 4083 882 4117 mame
891 4067 922 4118 F.
943 4096 974 4103 -
986 4065 1028 4118 23.
1048 4065 1151 4116 transiri
1165 4064 1208 4115 Fl.
1229 4094 1261 4102 -
1276 4063 1318 4118 26.
1339 4066 1390 4116 Ro-

275 4210 411 4244 manorum
430 4210 523 4244 nomen
541 4192 639 4243 sectam
660 4190 784 4243 Gruterus
802 4191 923 4243 Romano
939 4189 1043 4241 nomine
1057 4189 1128 4257 Lipa.
1149 4218 1180 4226 —-
1198 4190 1240 4242 31.
1260 4155 1389 4256 gduiorF.
