3409 4909
276 477 303 527 p.
324 459 372 512 eb.
392 460 438 553 aa)
620 475 847 519 maroamnuu
869 457 912 518 Π.
935 457 1063 521 69-73.
1362 456 1401 517 89

277 662 381 721 scere,
402 662 549 721 aggerem
569 663 750 720 armorum,
772 649 876 704 strues
898 663 1068 731 corporum
1089 644 1209 704 intueri
1223 644 1333 704 mirari
1340 665 1347 720 ;
1370 649 1403 705 et

278 747 387 819 erant,
419 761 500 822 quos
531 742 620 803 varia
647 761 715 803 sors
743 762 850 803 rerum
879 742 1094 824 lacrimaeque
1123 746 1154 801 ct
1184 740 1402 803 misericordia

278 840 411 902 subiret.
433 843 478 902 At
498 860 565 901 non
586 841 737 901 Vitellius
758 840 849 900 flexit
870 840 980 901 oculos
1002 859 1060 900 nec
1081 844 1130 901 tot
1150 840 1241 900 milia
1261 840 1401 919 insepul-

278 944 389 999 torum
420 939 542 999 civium
573 939 755 1001 exhorruit:
788 938 892 999 laetus
924 938 1009 1000 ultro
1041 943 1073 1000 et
1103 944 1172 1000 tarn
1200 938 1401 1017 propinquae

238 1047 258 1097 5
278 1037 375 1098 sortis
395 1037 525 1114 ignarus
546 1037 748 1098 instaurabat
767 1056 896 1098 sacrum
918 1035 967 1096 dis
988 1036 1060 1098 loci.
1089 1055 1091 1059 ’

322 1134 408 1194 Exin
435 1134 599 1196 Bononiae
620 1154 640 1195 a
660 1134 761 1196 Fabio
783 1135 919 1196 Valente
940 1134 1157 1212 gladiatorum
1178 1134 1400 1215 spectaculum
1415 1137 1452 1200 71

279 1231 402 1309 editur,
424 1232 558 1294 advecto
580 1251 621 1293 ex
641 1232 720 1293 urbe
742 1232 841 1294 cultu.
867 1233 1061 1312 Quantoque
1084 1232 1185 1310 magis
1206 1232 1402 1312 propinqua-

278 1330 353 1408 bat,
374 1335 465 1391 tanto
486 1330 668 1410 corruptius
689 1330 749 1391 iter
769 1331 918 1391 inmixtis
939 1330 1151 1392 histrionibus
1172 1334 1204 1391 et
1218 1328 1401 1409 spadonum

253 1428 428 1506 ,gregibus
459 1433 491 1490 et
521 1433 625 1490 cetero
657 1429 858 1490 Neronianae
890 1429 983 1490 aulae
1013 1430 1150 1506 ingenio.
1190 1429 1338 1507 Namque
1370 1434 1402 1489 ct

231 1534 260 1588 l0
278 1527 442 1587 Neronem
479 1527 588 1606 ipsum
626 1526 777 1599 Vitellius
809 1525 1022 1588 admiratione
1053 1525 1250 1603 celebrabat,
1289 1526 1402 1586 sectari

279 1629 466 1686 cantantem
487 1624 616 1702 solitus,
644 1644 711 1686 non
731 1626 936 1702 necessitate,
965 1644 1030 1704 qua
1050 1624 1296 1686 honestissimus
1317 1624 1403 1703 qnis-

279 1743 360 1803 que,
382 1724 437 1784 sed
457 1723 542 1784 luxu
562 1729 594 1785 et
614 1723 743 1801 saginae
764 1724 970 1803 mancipatus
992 1728 1194 1803 emptasque.

321 1822 367 1882 Ut
393 1822 523 1883 Valenti
551 1827 583 1883 et
610 1822 766 1884 Caecinae
794 1841 913 1883 vacuos
941 1821 1072 1882 honoris
1100 1840 1226 1881 menses
1248 1820 1401 1900 aperiret,

279 1920 416 1980 coartati
443 1918 580 1980 aliorum
601 1919 805 1998 consulatue,
833 1918 1056 1980 dissimulatus
1078 1919 1178 1979 Marci
1200 1918 1301 1979 Macri
1321 1924 1403 1979 tam·

232 2025 260 2075 [5
279 2036 381 2095 quam
409 2016 667 2078 Othonianarum
695 2017 837 2096 partium
860 2015 967 2093 ducis3
996 2021 1028 2077 et
1049 2015 1215 2077 Valerium
1237 2016 1402 2076 Marinum

280 2113 479 2175 destinatum
510 2134 530 2175 a
557 2114 661 2176 Galba
688 2114 854 2175 consulem
882 2113 1025 2190 distulit,
1057 2113 1149 2174 nulla
1175 2113 1314 2190 offensa,
1346 2112 1402 2174 scd

279 2212 394 2274 mitem
415 2218 448 2275 et
467 2213 620 2273 iniuriam
642 2214 779 2290 segniter
800 2214 960 2274 laturum:
983 2212 1144 2273 Pedanius
1166 2212 1261 2273 Costa
1282 2212 1402 2273 omitti-

278 2316 348 2388 tur,
369 2312 515 2388 ingratus
536 2311 674 2391 principi
696 2317 734 2372 ut
753 2310 908 2372 adversus
925 2311 1086 2372 Neronem
1100 2330 1199 2371 ausus
1213 2315 1245 2371 et
1262 2309 1402 2386 Verginii

279 2409 491 2470 extimulator
498 2428 505 2486 ;
544 2408 599 2471 sed
637 2409 717 2470 alias
748 2409 884 2489 protulit
915 2427 1037 2470 causas.
1075 2410 1239 2487 Aetacque
1271 2408 1403 2485 insuper

232 2512 261 2566 20
283 2507 413 2569 Vitellio
434 2508 570 2586 gratiae,
592 2507 825 2569 consuetudine
846 2507 977 2569 servitii.

321 2606 394 2667 Non
418 2605 505 2666 ultra
524 2625 646 2685 paucos
668 2605 736 2666 dies
758 2624 959 2684 quamquam
980 2604 1106 2666 acribus
1127 2604 1229 2664 initiis
1251 2608 1401 2680 coeptum
1417 2612 1455 2675 72

280 2703 489 2764 mendacium
510 2703 622 2765 valuit.
645 2704 806 2764 Extiterat
826 2703 961 2783 quidam
981 2702 1227 2764 Scribonianum
1243 2720 1276 2761 se
1291 2700 1402 2760 Carne-

279 2800 388 2861 rinum
427 2801 547 2878 ferens,
586 2801 843 2864 Neronianorum
874 2806 1059 2880 temporum
1092 2804 1180 2861 metu
1211 2800 1245 2859 in
1277 2798 1402 2857 Histria

280 2898 496 2975 occultatum,
518 2897 607 2978 quod
628 2898 695 2959 illic
716 2899 884 2960 clientelae
905 2903 937 2959 et
958 2899 1024 2976 agri
1046 2906 1191 2960 veterum
1213 2898 1401 2957 Crassorum

233 2999 261 3055 25
281 3015 318 3057 ac
339 2996 481 3057 nominis
502 2996 595 3057 lavor
615 2996 775 3058 manebat.
798 2996 901 3073 Igitur
922 2995 1094 3058 deterrimo
1116 3014 1245 3075 quoque
1262 2995 1296 3055 in
1311 3012 1402 3071 argu-

280 3099 428 3154 mentum
467 3092 596 3154 fabulae
633 3098 816 3173 assumpto,
855 3093 968 3171 volgus
1004 3093 1171 3155 credulum
1205 3098 1237 3154 et
1268 3092 1402 3171 quidam

280 3190 424 3252 militum
452 3210 556 3252 errore
584 3191 650 3252 veri
678 3211 735 3252 seu
762 3191 931 3253 turbarum
958 3189 1065 3252 studio
1087 3191 1232 3252 certatim
1255 3190 1403 3267 adgrega-

280 3288 415 3365 bantur,
444 3307 518 3349 cum
540 3294 718 3368 pertractus
740 3288 780 3349 ad
803 3288 973 3351 Vitellium
995 3290 1288 3367 interrogatusque,
1317 3288 1402 3365 quis-

280 3404 358 3446 nam
395 3385 584 3447 mortalium
623 3391 720 3447 esset:
758 3392 930 3465 postquam
962 3386 1054 3447 nulla
1084 3386 1179 3446 dictis
1211 3384 1289 3445 fides
1321 3389 1352 3444 et
1383 3404 1402 3444 a

234 3494 262 3547 30
281 3482 415 3544 domino
451 3483 660 3561 noscebatur,
699 3484 887 3545 condicione
925 3484 1096 3561 fugitivus,
1135 3482 1265 3543 nomine
1304 3480 1402 3557 Geta,

281 3586 451 3660 sumptum
472 3581 512 3642 de
533 3601 571 3644 eo
592 3581 789 3661 supplicium
811 3582 846 3642 in
868 3582 1018 3644 servilem
1041 3580 1184 3641 modurn.

322 3678 387 3737 Vix
409 3679 561 3740 credibile
581 3684 763 3740 memoratu
781 3684 844 3756 cst,
866 3684 1028 3759 quantum
1043 3679 1211 3758 superbiae
1226 3675 1401 3738 socordiae·
1417 3687 1455 3750 73

282 3863 443 3871 ——

318 3995 341 4045 1.
361 4010 468 4060 aggeres
485 3993 566 4061 Nipp.
587 4024 620 4033 —
632 3993 657 4046 2.
677 3996 729 4046 lors
739 3995 769 4046 F.
785 4023 816 4031 -
828 3974 882 4045 mia
890 3995 921 4045 F.
933 4024 966 4033 -
976 3994 1001 4045 4.
1012 3993 1064 4043 iarn
1076 3992 1186 4060 Spengel
1194 3993 1223 4057 es.
1232 4009 1259 4057 p.
1270 3990 1357 4043 8811.
1369 4020 1402 4027 -

283 4082 323 4135 10.
349 4082 520 4133 admiratione
541 4080 584 4133 Fl.
610 4113 643 4121 —
664 4083 705 4134 14.
731 4099 774 4133 ma
792 4082 872 4133 marci
891 4082 968 4133 matri
987 4082 1009 4133 F
1029 4083 1082 4150 (ma
1100 4082 1208 4131 deletum
1225 4082 1280 4144 eat).
1307 4108 1339 4115 -
1362 4076 1402 4130 18.

280 4172 367 4239 ausus]
386 4173 417 4237 cs.
436 4171 473 4221 Il.
492 4170 527 4224 25
547 4173 584 4237 (p.
604 4170 703 4253 5520).
724 4202 757 4211 -
776 4173 818 4225 31.
838 4172 931 4224 seruile
949 4172 980 4223 F.
