3409 4909
317 466 376 527 180
742 482 884 525 acnuam
906 482 1017 524 raeiri
1286 468 1323 531 (a.
1344 483 1370 517 u.
1390 463 1442 518 823

261 651 303 712 39
319 653 452 714 victoria
472 652 611 714 satiarit.
642 649 800 712 Kalendis
822 650 982 711 Ianuariis
1004 651 1038 711 in
1059 655 1190 727 senatu,
1215 669 1314 729 quem
1339 650 1443 711 Iulius

318 751 508 827 Frontinus,
530 754 658 829 praetor
672 749 831 826 urbanus,
853 754 1039 825 vocaverat,
1055 748 1167 825 legatis
1182 747 1444 826 exercitibusque

318 868 367 909 ac·
391 847 518 925 regibus
555 847 668 908 laudes
705 852 874 925 gratesque
912 845 1072 923 decretae3
1112 850 1144 907 et
1173 845 1280 905 Tettio
1313 844 1443 905 luliano

317 952 483 1025 praetura,
522 951 690 1025 tamquam
722 945 1011 1022 transgredientem
1043 944 1078 1004 in
1109 948 1216 1023 partes
1247 943 1445 1021 Vespasiani

318 1044 477 1121 legionem
498 1044 702 1121 deseruisset,
729 1043 853 1120 ablata,
875 1043 968 1103 utin
989 1041 1133 1103 Plotium
1155 1040 1318 1120 Griphum
1341 1046 1477 1105 trans-5

319 1140 468 1218 ferretur;
497 1141 622 1201 Hormo
651 1140 790 1217 dignitas
819 1141 975 1217 equestris
1004 1139 1089 1201 data.
1120 1140 1161 1199 Et
1189 1158 1268 1199 rnox
1296 1139 1444 1199 eiurante

319 1239 474 1299 Frontino
502 1239 618 1299 Caesar
645 1238 851 1299 Domitianus
881 1243 1067 1317 praeturam
1095 1238 1195 1316 cepit:
1224 1234 1293 1297 eius
1322 1256 1445 1297 nomen

319 1336 467 1416 epistulis
504 1336 682 1415 edictisque
719 1335 993 1423 praeponebatur,
1032 1336 1081 1395 vis
1121 1354 1218 1413 penes
1244 1335 1445 1395 Mucianum

238 1431 240 1436 ’
318 1439 402 1511 erat,
433 1435 496 1494 nisi
527 1434 614 1514 quod
645 1433 799 1513 pleraque
830 1434 1037 1495 Domitianus
1068 1432 1297 1510 instigantibus
1331 1433 1445 1494 amicis

319 1538 376 1593 aut
397 1533 526 1611 propria
548 1531 683 1592 libidine
704 1531 852 1592 audebat.
876 1531 938 1592 Sed
960 1531 1153 1610 praecipuus
1168 1530 1322 1591 Muciano
1338 1535 1445 1591 metus
1464 1540 1491 1595 10

319 1650 337 1690 e
366 1631 473 1691 Primo
501 1630 643 1690 Antonio
673 1630 822 1708 Varoque
850 1629 961 1706 Arrio,
995 1648 1076 1707 quos
1105 1633 1246 1689 recentes
1275 1627 1445 1708 clarosque

320 1748 427 1789 rerum
448 1728 535 1788 fama
556 1748 593 1788 ac
613 1727 757 1787 militurn
779 1726 895 1788 studiis
917 1727 1016 1788 etiam
1037 1725 1178 1805 populns
1197 1725 1345 1803 fovebat,
1368 1727 1446 1805 quia

319 1828 353 1887 in
381 1828 544 1887 neminem
573 1825 659 1887 ultra
686 1826 787 1886 aciem
815 1826 1005 1886 saevierant.
1034 1827 1077 1886 Et
1098 1824 1259 1886 ferebatur
1279 1826 1445 1887 Antonius

320 1924 566 1986 Scribonianum
595 1924 762 2000 Crassum,
792 1924 923 2000 egregiis
951 1922 1127 1984 maioribus
1149 1928 1181 1983 et
1201 1922 1344 1984 fraterna
1365 1924 1446 1984 ima-

320 2024 393 2100 gine
410 2022 587 2099 fulgentem
602 2021 644 2081 ad
659 2020 889 2100 capessendam
905 2041 972 2082 rem
988 2020 1153 2099 publicam
1168 2021 1332 2097 hortatus,
1355 2020 1448 2082 haud
1465 2032 1490 2083 lt

321 2119 471 2181 defutura
498 2120 700 2180 consciorum
725 2139 842 2195 manu,
872 2120 906 2179 ni
935 2119 1164 2180 Scribonianus
1192 2118 1375 2197 abnuisset,
1405 2139 1446 2180 ne

321 2218 441 2297 paratis
479 2217 611 2296 quidem
649 2217 812 2294 corrumpi
849 2216 969 2294 facilis,
1009 2215 1089 2277 adeo
1127 2220 1275 2277 metuens
1311 2215 1445 2277 incerta.

321 2315 424 2391 Igitur
445 2314 632 2391 Mucianus,
655 2314 731 2393 quia
752 2313 923 2393 propalam
938 2314 1078 2393 opprimi
1093 2313 1255 2374 Antonius
1270 2314 1445 2391 nequibat,

321 2412 434 2473 multis
470 2413 506 2472 in
543 2418 657 2473 senatu
694 2410 846 2472 laudibus
882 2411 1086 2472 cumulatum
1117 2412 1245 2472 secretis
1276 2412 1446 2490 promissis

322 2516 448 2586 onerat,
470 2510 650 2571 citeriorem
671 2509 868 2588 Hispaniam
889 2514 1055 2569 ostentans
1076 2508 1219 2569 discessu
1241 2507 1351 2570 Cluvii
1370 2508 1446 2569 Rufi
1462 2517 1491 2570 20

322 2628 475 2684 vacuam;
504 2608 602 2669 simul
629 2607 741 2667 amicis
770 2608 837 2667 eius
867 2606 1052 2667 tribunatus
1080 2606 1362 2685 praefecturasque
1386 2607 1447 2667 lar·

322 2708 416 2785 gitur.
454 2707 536 2767 Dein
575 2710 748 2785 postquam
786 2705 918 2765 inanem
956 2704 1105 2764 animum
1140 2723 1196 2783 spe
1228 2712 1260 2765 et
1290 2704 1447 2784 cupidine

322 2805 516 2884 inpleverat,
545 2805 628 2864 vires
650 2803 757 2864 abolet
778 2803 911 2864 dimissa
932 2803 967 2863 in
987 2803 1123 2864 hiberna
1144 2802 1267 2879 legione
1288 2802 1446 2881 septima,

323 2904 415 2964 cuius
444 2902 711 2980 flagrantissimus
743 2902 777 2961 in
808 2900 990 2962 Antonium
1022 2920 1128 2977 amor3
1161 2905 1192 2961 et
1222 2900 1317 2961 tertia
1344 2900 1445 2977 legia,

323 3000 491 3060 familiaris
519 3000 612 3059 Arrio
635 3000 719 3059 Varo
741 2998 849 3075 miles,
878 2999 913 3058 in
935 2998 1062 3077 Syriam
1082 2998 1230 3059 remissa:
1260 3017 1335 3077 pars
1357 3018 1447 3059 exer·
1463 3006 1492 3060 25

322 3100 401 3159 titus
416 3099 450 3158 in
466 3097 655 3159 Germanias
670 3096 856 3158 ducebatur.
878 3096 930 3158 Sic
945 3100 1067 3173 egesto,
1083 3094 1243 3174 quidquid
1258 3095 1445 3173 turbidum,

322 3197 417 3258 rediit
437 3196 510 3257 urbi
531 3215 589 3256 sua
610 3195 713 3256 forma
733 3196 882 3274 legesque
904 3200 936 3255 et
957 3195 1069 3254 munia
1090 3195 1349 3272 magistratuum.

269 3303 309 3363 40
363 3294 434 3365 Quo
463 3293 514 3354 die
543 3298 691 3353 senatum
719 3294 880 3370 ingressus
908 3297 956 3353 est
984 3292 1206 3368 Domitianus,
1236 3291 1275 3351 de
1298 3292 1447 3353 absentia

323 3393 424 3470 patris
452 3391 623 3470 fratrisque
652 3410 688 3451 ac
715 3391 848 3452 iuventa
869 3410 928 3451 sua
950 3409 1053 3468 pauca
1074 3394 1106 3450 et
1127 3389 1254 3451 modica
1276 3388 1446 3466 disseruit,

323 3488 456 3549 decorus
484 3488 614 3564 habitu;
643 3493 675 3547 et
702 3488 818 3564 ignotis
847 3486 953 3548 adhuc
983 3486 1126 3548 moribus
1155 3486 1264 3549 crebra
1286 3488 1350 3548 oris
1373 3507 1447 3549 con·
1464 3496 1495 3551 30

323 3585 407 3647 fusio
435 3606 493 3665 pro
515 3586 674 3646 modestia
695 3585 920 3665 accipiebatur.
949 3585 1117 3647 Referente
1139 3586 1272 3647 Caesare
1295 3584 1336 3646 de
1356 3586 1447 3647 resti·

323 3684 452 3745 tuendis
484 3684 606 3746 Galbae
636 3684 828 3761 honoribus,
865 3684 990 3745 censuit
1021 3683 1152 3744 Curtius
1184 3683 1378 3761 Montanus,
1411 3689 1448 3745 ut

360 3912 384 3962 3.
404 3910 490 3961 Tettio
513 3908 587 3961 Orcll.
607 3909 654 3959 tito
673 3910 704 3959 F.
725 3907 793 3960 -8.
814 3908 935 3958 mucianir
949 3908 1175 3972 corr.eamucian;
1194 3909 1224 3959 F.
1237 3937 1270 3945 -
1283 3908 1324 3960 14.
1344 3909 1447 3960 maiori·

324 4000 402 4065 busq3
428 4000 450 4050 F
471 4000 539 4066 (ced;
558 3999 605 4049 dcl.
626 3997 671 4061 eat)
690 3997 804 4048 moribus
823 3997 979 4060 Boetticlier,
1006 3994 1158 4065 (moribus)
1178 3996 1371 4063 maioribusque
1389 3997 1446 4048 Rit-

325 4096 362 4139 lor
381 4087 396 4150 ζ
400 4086 516 4156 artibus>
537 4105 570 4138 m.
590 4087 681 4137 Ritter.
709 4116 741 4123 —
761 4084 804 4139 20.
824 4086 934 4136 discessu
954 4087 976 4136 F
995 4086 1098 4136 decessu
1117 4085 1198 4152 Nipp.
1219 4115 1251 4123 -
1271 4084 1314 4138 23.
1333 4086 1446 4152 legiones

326 4178 359 4245 uij
379 4177 410 4227 F.
431 4205 464 4213 -
483 4174 525 4227 27.
546 4174 645 4225 reditur
662 4173 742 4224 bisua.
765 4203 795 4211 —
815 4173 987 4239 magistratui
1005 4175 1035 4225 F.
