3409 4909
330 467 388 529 206
754 486 895 530 connum
916 487 1027 530 rucrrr
1301 475 1336 539 (a.
1357 490 1383 525 u.
1403 473 1455 527 823

337 654 491 716 Valentini
516 674 643 716 manum
670 663 774 716 contra
798 674 881 733 spem
900 675 988 717 snam
1004 655 1162 733 fuderint,
1191 657 1374 719 alimmtmn
1393 658 1458 719 illis

329 752 455 828 ducique
482 752 666 813 temeritatis.
694 753 829 812 Amccros
856 772 960 813 rursm
986 761 1178 830 venturosque
1205 754 1241 814 in
1263 774 1376 815 manus
1395 774 1459 817 non

328 850 454 927 inperiti
481 850 711 928 adulescentuli,
738 851 826 911 verba
851 859 878 911 ct
899 852 1046 911 contiones
1066 870 1159 928 quam
1174 852 1295 929 forman
1317 861 1346 913 et
1367 874 1459 915 arma

327 946 516 1024 meditantis,
544 948 595 1008 sed
618 947 723 1009 Ciuilis
743 956 769 1008 et
793 948 938 1024 Classici·
966 967 1037 1025 quos
1058 949 1109 1008 ubi
1129 950 1314 1028 aspexerint,
1342 951 1459 1012 reditu

328 1064 396 1104 ram
423 1044 457 1104 in
484 1045 601 1105 animos
624 1045 824 1123 formidinem
845 1046 959 1125 jupam
981 1047 1154 1125 famemque
1175 1068 1210 1108 ac
1232 1049 1339 1109 totiens
1360 1050 1492 1128 captis5

325 1142 498 1220 precariam
516 1143 619 1204 uitam.
640 1145 742 1222 Neque
767 1144 902 1205 Treueros
923 1153 977 1205 aut
1001 1145 1154 1223 Linqonus
1174 1146 1375 1207 bmioolentia
1391 1167 1459 1208 con

330 1239 437 1300 tineri:
458 1249 659 1318 resumpturos
679 1262 784 1320 arma,
805 1243 857 1301 ubi
875 1250 971 1303 metus
991 1243 1165 1304 abscaserit.
1191 1243 1332 1306 Diremit
1353 1247 1459 1306 consi-

328 1337 445 1398 liorum
475 1338 694 1400 diversitatem
722 1339 901 1419 adprobata
928 1341 1057 1401 Tutoris
1085 1342 1246 1403 sententia
1274 1342 1457 1421 Classicus3

329 1436 503 1515 statimque
524 1443 738 1516 exequuntur.

274 1536 313 1603 77
368 1533 477 1595 Media
497 1535 581 1596 acies
595 1535 687 1596 Ubiis
702 1536 966 1614 Lingonibusque
981 1535 1073 1610 data;
1096 1536 1210 1599 dextro
1225 1556 1328 1599 cornu
1344 1539 1459 1600 cohor·
1478 1550 1508 1604 10

327 1635 375 1691 tes
390 1632 603 1710 Batavorum,
625 1633 754 1695 sinistro
769 1634 914 1694 Bructeri
929 1634 1156 1714 Tencterique,
1178 1654 1253 1713 pars
1269 1636 1457 1714 montibus,

328 1729 384 1789 alii
405 1731 509 1809 <uia>,
531 1731 587 1792 alii
608 1732 694 1794 viam
716 1732 799 1794 inter
820 1732 1056 1812 Mosellamque
1072 1733 1195 1795 fiumen
1210 1738 1277 1794 tam
1294 1734 1458 1813 inprovisi

259 1852 262 1858 ·
328 1826 500 1905 adsiluere,
532 1835 568 1890 ut
598 1830 632 1889 in
665 1829 813 1891 cubiculo
841 1849 878 1890 ac
906 1830 1025 1891 lectulo
1054 1829 1186 1891 Cerialis
1216 1833 1337 1911 (neque
1366 1833 1457 1893 enim

327 1930 456 1986 noctem
483 1927 518 1986 in
546 1928 657 1988 castris
686 1930 806 2005 egerat)
835 1928 972 2006 pugnari
1001 1927 1099 1988 simul
1126 1928 1277 2008 vincique
1298 1948 1376 1991 suos
1399 1949 1457 1990 au-

328 2023 437 2101 dierit,
477 2024 647 2104 increpans
686 2045 839 2103 pavorem
878 2026 1120 2104 nuntiantium,
1162 2025 1263 2087 donec
1298 2028 1456 2089 universa
1476 2038 1506 2091 15

327 2121 434 2182 clades
455 2122 489 2182 in
510 2122 611 2183 oculis
632 2123 710 2200 fuit,
732 2128 886 2203 perrupta
906 2124 1070 2201 legionum
1089 2128 1209 2201 castra,
1230 2124 1295 2185 fusi
1310 2126 1476 2204 equit-es,-

327 2219 453 2280 medius
481 2220 634 2281 Mosellae
662 2240 760 2300 pons,
789 2222 847 2301 qui
874 2221 1027 2282 ulteriora
1055 2220 1200 2282 coloniae
1219 2220 1382 2300 adnectit,
1414 2224 1455 2285 ab

326 2316 474 2378 hostibus
502 2318 652 2379 insessus.
685 2318 817 2379 Cerialis
843 2318 981 2379 turbidis
1010 2319 1105 2380 rebus
1133 2318 1314 2398 intrepidus
1344 2324 1377 2381 et
1406 2320 1455 2382 fu-

325 2415 447 2492 gientes
468 2436 569 2476 manu
589 2416 768 2493 retrahens,
790 2416 911 2477 intecto
933 2435 1064 2496 corpore
1085 2421 1255 2495 promptus
1270 2416 1357 2477 inter
1370 2418 1454 2495 tela,

326 2512 411 2574 felici
438 2514 618 2598 temeritate
646 2519 678 2575 et
705 2513 872 2575 fortissimi
897 2514 1053 2593 cuiusque
1074 2513 1213 2575 adcursu
1234 2513 1454 2593 reciperatum
1471 2526 1505 2580 20

328 2615 458 2690 pontem
479 2611 580 2673 electa
601 2631 701 2672 manu
721 2611 872 2672 firmarit.
895 2612 974 2672 Mox
994 2611 1029 2671 in
1050 2615 1154 2672 castra
1174 2629 1319 2674 reversus
1339 2613 1454 2691 palan·

325 2714 372 2769 tes
401 2713 570 2788 captarum
598 2708 687 2788 apud
708 2710 905 2771 Novaesium
926 2709 1138 2789 Bonnamque
1160 2708 1324 2786 legionum
1347 2711 1454 2771 mani-

325 2806 420 2885 pulos
448 2812 480 2867 et
507 2826 616 2867 rarum
644 2806 731 2885 apud
760 2808 851 2884 signa
872 2806 1010 2867 militem
1033 2825 1070 2867 ac
1091 2826 1191 2886 prope
1212 2807 1454 2869 circumventas

326 2905 451 2983 aquilas
479 2904 576 2966 videt.
603 2905 759 2965 Incensus
780 2905 828 2965 ira
847 2924 909 2965 non
930 2904 1088 2982 Flaccum,
1116 2904 1239 2982 inquit,
1268 2924 1331 2965 non
1360 2905 1453 2967 Vocu-

327 3003 389 3062 lam
427 3003 574 3064 deseritis:
611 3003 701 3063 nulla
738 3003 785 3064 tie
818 3003 969 3081 pradilia·
1007 3022 1098 3081 neque
1129 3002 1219 3063 aliud
1248 3005 1454 3066 ccanandnm
1470 3017 1503 3070 25

326 3100 431 3177 tabeo,
459 3121 551 3179 quam
579 3101 659 3178 quod
682 3120 731 3161 oos
755 3100 870 3161 Gallici
885 3100 1016 3178 foedems
1036 3100 1140 3162 oblitos
1159 3100 1267 3161 redisse
1286 3102 1321 3162 in
1341 3122 1453 3165 memo-

324 3199 403 3259 riam
426 3199 561 3259 Romani
581 3198 761 3259 sacramenti
783 3207 886 3259 tamem
906 3198 1029 3260 credidi.
1051 3197 1283 3259 Adnumerabor
1296 3199 1454 3262 Numisiis

324 3306 351 3357 et
376 3297 553 3368 Herennia,
581 3306 615 3356 ut
642 3316 741 3357 oncnes
770 3296 862 3373 leqati
888 3296 975 3357 uestri
1000 3305 1055 3356 aut
1074 3295 1212 3356 militnm
1231 3296 1376 3358 manibus
1397 3308 1454 3359 aut

325 3395 454 3455 hostium
480 3394 644 3455 ceciderint.
672 3393 733 3469 Ite,
761 3394 901 3454 nuntiate
935 3393 1115 3472 Vespasiano
1138 3393 1198 3467 uel,
1227 3393 1306 3471 qnod
1322 3395 1453 3474 propius

324 3502 379 3570 est,
410 3493 500 3553 Ciuili
520 3501 547 3552 et
571 3492 714 3569 Classico,
743 3491 881 3552 relictum
902 3512 921 3551 a
942 3491 1020 3552 uobis
1040 3492 1074 3552 in
1095 3491 1157 3553 acie
1178 3491 1291 3552 dinem.
1327 3492 1453 3554 Venient
1469 3505 1503 3559 30

326 3591 465 3669 leqiones,
487 3611 562 3670 quac
582 3610 673 3668 neque
693 3610 739 3650 me
760 3590 894 3650 inultum
915 3610 1007 3667 neque
1026 3610 1075 3651 ros
1094 3589 1259 3668 impunitos
1272 3591 1450 3669 patiantur.

359 3837 383 3886 t.
404 3836 556 3886 meditantes
576 3833 617 3885 Fl.
640 3864 671 3871 —
689 3835 714 3886 5.
733 3834 832 3899 fanraq;
852 3834 882 3884 F.
904 3863 936 3870 —
953 3833 977 3885 8.
998 3832 1139 3899 adprobati
1151 3830 1192 3883 Fl.
1214 3832 1282 3885 -9,
1301 3832 1407 3897 classib;
1428 3835 1451 3885 F

324 3925 352 3988 cs.
372 3923 459 3976 2085.
481 3954 512 3961 —
535 3924 575 3974 1⁸2.
596 3922 639 3972 alii
658 3923 701 3973 uia
719 3922 764 3972 alii
782 3921 878 3972 Meiser
896 3922 947 3973 alii.
968 3920 1027 3971 Ialii
1045 3922 1068 3971 F
1088 3921 1111 3989 (l
1130 3921 1178 3972 del.
1198 3924 1245 3985 est)
1264 3920 1308 3971 alii
1325 3921 1369 3972 uia
1382 3922 1451 3974 inter

323 4021 423 4063 montes
442 4012 627 4077 Mosellamque
645 4011 759 4077 Madviq.
783 4041 816 4048 -
835 4010 961 4077 inprouisi
980 4010 1103 4078 Aqricola
1121 4010 1254 4076 inprouisa
1272 4010 1296 4061 F
1313 4010 1450 4077 inprouiso

323 4102 483 4152 Doederlein.
505 4132 535 4139 —
559 4102 598 4152 17.
619 4101 731 4175 moselle.
752 4130 786 4137 -
805 4098 847 4151 21.
867 4100 971 4151 elelecta
983 4100 1014 4150 F.
1036 4129 1068 4136 -
1082 4097 1124 4150 22.
1145 4097 1394 4164 bonaq3cf.168.9.
1416 4128 1449 4135 -

323 4190 365 4244 in.
385 4190 482 4256 gallicis
501 4168 548 4241 Fls
566 4221 596 4226 -
617 4189 711 4241 redisse
729 4190 756 4240 in
776 4188 848 4254 Lips.
868 4186 996 4254 pdixerim
1016 4187 1046 4237 F.
