3409 4909
316 447 374 511 216
744 468 885 511 coenam
907 467 1018 511 raeiri
1287 455 1323 517 (a.
1343 470 1369 505 u.
1389 452 1443 507 823

316 637 393 717 quia
420 636 509 716 apud
536 637 624 717 ipsos
651 636 730 698 fides
758 637 938 711 obstinata,
966 636 1185 698 misericordia
1211 637 1246 697 in
1267 642 1444 717 promptu,

316 736 371 796 sed
403 735 556 797 adversus
587 754 698 797 omues
730 735 810 797 alios
841 735 959 797 hostile
990 734 1119 796 odium:
1152 736 1292 815 separati
1321 735 1444 814 epulis,

316 833 445 895 discreti
465 833 626 895 cubilibus
646 834 882 913 proiectissima
903 834 945 895 ad
965 833 1136 895 libidinem
1155 853 1233 911 gens
1249 834 1445 911 alienigena·

315 951 387 992 rum
403 931 576 992 concubitu
589 932 764 1008 abstineut;
780 932 864 993 inter
875 950 908 993 se
920 931 1003 992 nihil
1015 931 1187 992 inlicitum.
1204 932 1446 993 Circumcidere

315 1028 468 1107 genitalia
495 1029 721 1105 instituerunt,
753 1034 790 1089 ut
818 1028 1005 1090 diversitate
1032 1034 1208 1090 noscantur
1215 1049 1222 1106 ;
1251 1030 1479 1106 transgressio

316 1127 350 1186 in
377 1146 501 1187 morem
531 1146 643 1188 eorum
671 1126 758 1187 idem
786 1132 961 1207 usurpant,
990 1146 1048 1187 nec
1077 1127 1254 1206 quicquam
1282 1127 1375 1205 prius
1398 1128 1446 1187 in-

316 1223 461 1285 buuntur
489 1243 588 1303 quam
616 1229 820 1285 contemnere
845 1224 938 1303 deoS,
967 1243 1083 1285 exuere
1104 1224 1262 1303 patriam,
1292 1230 1445 1303 parentes

316 1321 433 1383 liberos
469 1321 583 1383 fratres
621 1321 700 1382 vilia
720 1321 847 1383 habere.
887 1307 1062 1399 Augeudae
1093 1325 1204 1383 tamen
1236 1321 1443 1384 multitudini

317 1419 511 1480 consulitur:
549 1438 626 1479 nam
665 1424 696 1481 et
730 1438 843 1480 necare
875 1438 1073 1499 quemquam
1107 1439 1147 1480 ex
1178 1420 1304 1496 agnatis
1335 1419 1445 1497 nefas,

317 1517 507 1596 animosque
534 1517 656 1596 proelio
685 1522 741 1579 aut
763 1517 931 1595 suppliciis
952 1523 1194 1596 peremptorum
1216 1522 1364 1579 aeternos
1387 1538 1446 1598 pu·
1466 1527 1496 1583 10

317 1618 403 1685 tant;
425 1614 501 1674 hinc
522 1614 695 1690 generandi
716 1634 807 1676 amor
828 1621 859 1677 et
881 1615 1040 1677 moriendi
1061 1620 1276 1693 contemptus
1300 1616 1446 1694 Corpora

317 1712 452 1772 condere
477 1731 574 1790 quam
598 1732 738 1773 cremare
760 1732 776 1774 e
797 1733 886 1774 more
908 1713 1084 1793 Aegyptio,
1113 1712 1292 1793 eademque
1314 1732 1393 1774 cura
1415 1720 1447 1775 et

318 1808 357 1869 de
385 1808 518 1869 infernis
546 1809 726 1887 persuasio;
755 1810 942 1871 caelestium
965 1815 1085 1871 contra.
1115 1811 1268 1890 Aegyptii
1288 1811 1446 1891 pleraque

318 1906 472 1966 animalia
502 1906 685 1986 effigiesque
718 1908 913 1987 compositas
945 1915 1155 1986 venerantum
1187 1908 1302 1969 ludaei
1334 1915 1446 1970 mente

318 2004 387 2065 sola
407 2023 575 2084 unumque
596 2024 718 2066 numen
739 2005 948 2082 intellegunt:
975 2006 1142 2085 profanos,
1165 2008 1221 2086 qui
1242 2007 1341 2067 deum
1364 2007 1446 2068 ima·
1467 2018 1496 2070 15

318 2102 406 2179 gines
444 2101 636 2163 mortalibus
675 2104 817 2164 materiis
849 2104 883 2164 in
915 2105 1035 2184 species
1066 2104 1239 2165 hominum
1269 2104 1444 2183 effingam,

319 2217 485 2259 summum
512 2198 595 2259 illud
623 2206 654 2260 et
675 2204 842 2261 aeternum
864 2220 969 2280 neque
990 2201 1149 2262 imitabile
1170 2221 1273 2281 neque
1295 2203 1446 2263 interitu-

318 2316 400 2357 rum.
432 2296 536 2373 Igitur
563 2297 654 2357 nulla
681 2297 854 2359 simulacra
882 2299 1016 2360 urbibus
1045 2299 1128 2377 suis,
1161 2298 1282 2361 nedum
1310 2301 1446 2380 templis

319 2394 438 2455 sistunt
445 2414 452 2471 ;
481 2414 546 2455 non
574 2395 701 2472 regibus
729 2395 808 2457 haec
836 2396 997 2474 adulatio,
1025 2416 1091 2457 non
1118 2395 1307 2458 Caesaribus
1328 2397 1444 2459 honor.

319 2491 382 2552 Sed
410 2492 487 2571 quia
512 2492 692 2553 sacerdotes
720 2513 831 2554 eorum
859 2494 940 2555 tibia
961 2494 1190 2574 tympanisque
1211 2496 1445 2573 concinebant,
1464 2505 1497 2559 20

319 2589 438 2649 hedera
459 2589 699 2668 vinciebantur,
722 2591 862 2671 vitisque
877 2611 973 2652 aurea
987 2592 1110 2670 templo
1125 2598 1265 2672 reperta,
1288 2593 1444 2655 Liberum

319 2693 444 2767 patrem
476 2687 553 2763 coli,
592 2687 784 2749 domitorem
816 2689 972 2766 Orientis,
1005 2689 1139 2769 quidam
1171 2690 1317 2752 arbitrati
1349 2696 1445 2768 sunt,

319 2803 525 2865 nequaquam
564 2786 813 2862 congruentibus
849 2787 1023 2849 institutis:
1063 2788 1183 2867 quippe
1218 2787 1313 2849 Liber
1344 2787 1446 2849 festos

319 2883 483 2962 laetosque
504 2884 585 2944 ritus
599 2884 724 2962 posuit,
746 2884 943 2945 Iudaeorum
958 2904 1028 2946 mos
1043 2884 1201 2945 absurdus
1216 2883 1444 2965 sordidusque.

287 2990 305 3048 6
360 2980 457 3040 Terra
484 2980 644 3059 finesque,
673 2999 739 3060 qua
760 2980 801 3041 ad
824 2980 989 3042 Orientem
1010 2987 1161 3059 vergunt,
1191 2981 1310 3042 Arabia
1332 2984 1445 3043 termi-
1464 2995 1498 3050 25

320 3081 454 3149 nantur;
483 3097 502 3135 a
529 3076 663 3137 meridie
691 3079 858 3157 Aegyptus
887 3078 1026 3154 obiacet,
1055 3078 1095 3139 ab
1124 3098 1240 3139 occasu
1263 3078 1445 3140 Phoenices

320 3179 352 3248 et
379 3193 482 3249 mare,
515 3175 764 3253 septentrionem
794 3195 811 3235 e
838 3175 937 3236 latere
966 3175 1076 3254 Syriae
1103 3175 1196 3253 longe
1224 3182 1444 3255 prospectant.

320 3272 461 3350 Corpora
482 3270 652 3332 hominum
674 3271 816 3332 salubria
837 3277 869 3332 et
887 3272 1021 3334 ferentia
1035 3272 1192 3334 laborum.
1215 3273 1292 3334 Rari
1305 3274 1445 3352 imbres,

320 3369 399 3430 uber
413 3369 527 3430 solum.
550 3370 740 3430 Exuberant
753 3369 859 3447 fruges
874 3375 1021 3431 nostrum.
1037 3370 1078 3431 ad
1093 3390 1230 3449 morem,
1251 3378 1445 3451 praeterque

320 3486 373 3528 eas
411 3467 594 3527 balsamum
631 3472 663 3527 et
700 3467 836 3546 palmae.
876 3468 1030 3529 Palmetis
1068 3469 1242 3547 proceritas
1274 3474 1306 3530 et
1337 3470 1444 3531 decor.
1464 3486 1499 3541 30

356 3719 379 3771 3.
400 3719 601 3784 alienigenarum
621 3718 749 3769 Heinsius
762 3719 904 3769 alienarum
914 3720 944 3770 F.
965 3750 998 3757 -
1010 3721 1033 3771 7.
1053 3722 1176 3786 ctepnere
1186 3721 1216 3772 F.
1237 3722 1338 3787 —pari
1351 3721 1353 3790 l
1366 3722 1445 3773 triam

268 3799 271 3805 ’
320 3807 362 3858 ΡΙ.
392 3838 424 3843 -
444 3807 468 3860 8.
495 3808 667 3859 multitudinis
686 3807 728 3858 Fl.
755 3838 787 3845 —
807 3808 832 3860 9.
858 3808 958 3873 agnatis
977 3809 999 3858 F
1018 3809 1085 3859 natis
1104 3808 1176 3876 Lipc.
1198 3839 1230 3847 -
1252 3810 1292 3862 17.
1313 3811 1446 3864 imitabile

320 3898 361 3948 Fl.
389 3927 420 3933 —
443 3898 482 3950 19.
511 3898 605 3948 sistunt
631 3898 749 3948 Doedcrt.
775 3899 804 3963 cs.
830 3901 900 3948 Ann.
924 3897 986 3949 XV.
1007 3896 1054 3962 72,
1083 3898 1161 3951 XIV.
1181 3899 1214 3952 61
1234 3907 1294 3951 sunt
1312 3900 1335 3950 F
1355 3901 1445 3952 sinunt

321 3986 343 4035 I.
363 3985 394 4035 F.
417 3984 524 4037 Gronov.
544 4015 577 4023 —
598 3984 656 4055 (is)
676 3987 760 4037 honor
777 3979 896 4037 Doedeli.
917 4016 950 4024 —-
969 3985 1012 4039 20.
1031 3987 1200 4039 concinebant
1218 3988 1272 4039 cdd.
1292 4006 1342 4055 aeq.
1363 3990 1446 4040 conti-

321 4074 448 4125 nebantur
466 4075 496 4125 F.
525 4103 558 4112 —
578 4074 620 4127 25.
649 4075 736 4125 arabia
754 4074 796 4126 Fl.
826 4105 859 4113 —
879 4074 921 4127 29.
950 4076 1094 4126 exuberant
1112 4076 1135 4125 F
1154 4076 1180 4143 (b
1199 4077 1228 4127 in
1245 4094 1263 4143 p
1281 4084 1379 4128 mactata
1398 4078 1445 4145 cet)

320 4163 364 4213 'boc
382 4162 531 4213 uocabulum
549 4164 655 4214 editores
674 4170 761 4214 temere
781 4164 898 4230 Lipsiom
916 4165 994 4215 secuti
1012 4165 1131 4231 expellere
1149 4166 1235 4217 solent.
