3409 4909
282 496 310 545 p.
330 478 382 530 Ch.
403 479 449 544 69)
636 495 864 538 nrsroruanuu
885 477 911 537 Ι.
934 476 1062 540 79-83.
1371 480 1410 540 45

282 663 405 742 cuique
426 662 632 724 humillimus
650 663 765 740 cliens,
788 664 925 725 incertas
940 663 1078 724 latebras
1093 664 1243 743 petivere.
1266 664 1410 726 Militum
1425 666 1463 727 82

282 761 430 841 impetus
461 781 503 822 ne
533 760 654 822 foribus
686 760 819 840 quidem
833 755 837 762 ’
851 761 968 822 Palatii
1001 762 1173 839 coercitus,
1205 781 1269 841 quo
1301 763 1410 823 minus

282 859 476 922 convivium
497 859 734 939 inrumperent,
756 859 883 921 ostendi
897 859 960 919 sibi
975 859 1136 921 Othonem
1152 860 1409 938 expostulantes,

281 957 562 1019 volneratolulio
583 956 732 1018 Martiale
753 957 885 1018 tribuno
906 962 938 1019 et
959 957 1090 1018 Vitellio
1109 958 1299 1033 Saturnino,
1321 978 1410 1037 prae-

246 1055 369 1119 5fecto
398 1056 548 1133 legionis,
577 1055 654 1116 dum
684 1055 852 1117 ruentibus
881 1055 1051 1116 obsistunt.
1080 1055 1232 1135 Undique
1260 1075 1350 1116 arma
1378 1061 1411 1117 et

282 1154 411 1231 minae,
435 1152 531 1214 modo
553 1153 588 1213 in
609 1154 810 1215 centuriones
831 1152 1059 1233 tribunosque,
1086 1152 1183 1213 modo
1204 1154 1238 1214 in
1260 1160 1409 1215 senatum

281 1252 491 1325 universum,
513 1250 692 1331 lymphatis
709 1271 804 1313 caeco
818 1270 938 1331 pavore
953 1252 1085 1329 animis,
1108 1258 1140 1313 et
1154 1252 1231 1331 quia
1245 1254 1408 1313 neminem

281 1370 392 1411 unum
417 1350 577 1411 destinare
596 1339 663 1411 irae
684 1355 848 1430 poterant,
877 1350 1042 1412 licentiam
1063 1351 1097 1410 in
1119 1369 1230 1411 omnes
1250 1352 1409 1429 poscenti-

281 1448 364 1525 bus,
386 1447 488 1509 donec
509 1447 595 1509 Otho
617 1453 728 1509 contra
749 1448 846 1509 decus
868 1448 995 1527 imperii
1010 1453 1080 1509 toro
1095 1448 1246 1509 insistens
1260 1450 1408 1528 precibus
1513 1513 1516 1518 ,

233 1553 262 1607 10
281 1550 316 1607 et
354 1545 497 1606 lacrimis
529 1564 620 1622 aegre
651 1545 813 1622 cohibuit3
854 1544 1082 1625 redieruntque
1113 1546 1146 1606 in
1178 1552 1282 1607 castra
1313 1547 1407 1608 inviti

281 1663 392 1723 neque
412 1644 608 1706 innocentes.

324 1742 458 1803 Postera
485 1741 537 1802 die
564 1741 655 1802 velut
683 1745 777 1820 capta
804 1740 883 1802 urbe
912 1740 1040 1801 clausae
1068 1740 1200 1818 domus,
1233 1760 1323 1802 rarus
1351 1761 1408 1821 per

281 1840 354 1902 vias
378 1840 535 1920 populus,
563 1844 687 1900 maesta
708 1839 815 1918 plebs;
844 1838 959 1899 deiecti
980 1839 1013 1899 in
1035 1845 1154 1901 terram
1176 1838 1319 1900 militum
1340 1840 1407 1901 vol-

280 1942 336 1999 tus
366 1957 403 1998 ac
424 1937 499 2016 plus
519 1936 669 1998 tristitiae
690 1956 789 2014 quam
810 1936 1037 2015 paenitentiae.
1067 1937 1297 2016 llanipulatim
1319 1937 1407 1999 adlo·
1482 1961 1486 1968 ·

233 2044 261 2095 15
281 2036 352 2097 cuti
380 2040 457 2096 sunt
477 2035 620 2096 Licinius
642 2034 798 2095 Proculus
819 2039 850 2095 et
873 2034 996 2095 Plotius
1018 2035 1147 2095 Firmus
1168 2035 1337 2114 praefecti,
1366 2056 1407 2097 ex

280 2152 342 2195 suo
365 2133 502 2212 quisque
522 2133 651 2211 ingenio
672 2132 784 2193 mitius
806 2138 863 2194 aut
883 2132 1055 2193 horridius.
1084 2132 1174 2193 Finis
1195 2134 1350 2195 sermonis
1371 2134 1406 2194 in

281 2250 336 2308 eo,
366 2234 404 2291 ut
431 2231 531 2310 quina
556 2230 648 2290 milia
668 2248 843 2290 nummum
864 2230 999 2307 singulis
1021 2230 1180 2291 militibus
1201 2250 1406 2291 numeraren-

280 2333 345 2389 tur.
374 2328 459 2388 Tum
489 2327 575 2389 Otho
603 2327 726 2404 ingredi
754 2332 858 2388 castra
886 2346 993 2388 ausus.
1026 2328 1133 2407 Atque
1161 2328 1256 2388 illum
1283 2329 1405 2390 tribuni

281 2424 553 2504 centurionesque
591 2425 849 2499 circumsistunt,
889 2424 1021 2486 abiectis
1059 2425 1195 2486 militiae
1226 2426 1406 2503 insignibus

232 2528 262 2582 20
281 2524 387 2584 otium
409 2527 441 2583 et
461 2522 601 2583 salutem
621 2522 812 2600 flagitantes.
834 2521 941 2582 Sensit
961 2522 1119 2583 invidiam
1141 2523 1249 2598 miles,
1271 2528 1303 2584 et
1321 2543 1405 2584 com-

280 2620 409 2701 positus
430 2620 465 2679 in
486 2620 678 2699 obsequium
699 2625 846 2681 auctores
868 2620 1035 2681 seditionis
1051 2620 1092 2681 ad
1107 2620 1304 2699 supplicium
1319 2620 1404 2682 ultro

280 2718 478 2798 postulabat.
501 2717 603 2795 Otho,
625 2737 826 2796 quamquam
848 2717 986 2778 turbidis
1007 2708 1101 2778 rebus
1122 2722 1154 2777 et
1172 2717 1306 2778 diversis
1322 2719 1405 2779 mili·
1419 2726 1458 2787 83

279 2820 353 2876 tum
393 2814 526 2892 animis,
562 2834 638 2875 cum
676 2815 819 2894 optimus
850 2816 987 2894 quisque
1018 2815 1197 2876 remedium
1228 2817 1404 2895 praesentis

279 2912 432 2974 licentiae
452 2919 612 2991 posceret,
633 2912 747 2989 volgus
767 2917 800 2973 et
821 2913 930 2992 plures
951 2912 1163 2974 seditionibus
1184 2918 1217 2974 et
1233 2914 1404 2976 ambitioso

231 3019 260 3074 25
280 3010 419 3090 imperio
447 3010 524 3071 lacti
552 3029 610 3089 per
637 3010 748 3071 turbas
769 3015 802 3071 et
822 3016 934 3090 raptus
956 3010 1082 3071 facilius
1103 3009 1145 3070 ad
1166 3011 1259 3071 civile
1280 3011 1404 3072 bellum

280 3108 530 3189 inpellerentur,
552 3108 651 3169 simul
672 3113 825 3187 reputans
847 3127 913 3168 non
934 3127 1027 3186 posse
1049 3107 1269 3186 principatum
1287 3108 1404 3169 scelere

279 3206 467 3285 quaesitum
495 3204 603 3266 subita
631 3203 790 3266 modestia
818 3210 850 3264 et
871 3204 975 3283 prisca
996 3205 1153 3282 gravitate
1174 3206 1319 3281 retineri,
1348 3205 1405 3266 sed

279 3303 469 3365 discrimine
496 3302 586 3364 urbis
614 3308 646 3364 et
672 3301 816 3381 periculo
844 3306 974 3363 senatus
1003 3302 1136 3380 anxiuS,
1168 3308 1330 3381 postremo
1358 3303 1404 3362 ita

280 3401 442 3462 disseruit.
471 3401 574 3477 Neque
592 3408 627 3459 et
648 3400 772 3477 affectae
791 3408 899 3459 vestros
919 3400 954 3458 ia
975 3420 1105 3459 amorem
1124 3400 1183 3459 mei
1204 3400 1402 3476 accenderem,

231 3511 260 3565 ιο
279 3498 509 3575 commilitones,
530 3516 622 3574 aeque
641 3504 676 3557 ut
696 3497 836 3556 animum
856 3496 898 3556 ad
918 3496 1059 3556 uirtutem
1079 3496 1247 3556 cohortarer
1263 3498 1404 3573 (utraque

278 3596 361 3657 enim
385 3596 497 3674 egregie
517 3598 706 3674 supersunt),
734 3594 784 3655 sed
803 3596 872 3655 oeni
889 3595 1099 3672 postulaturus
1120 3614 1140 3652 c
1160 3592 1238 3653 vobis
1260 3601 1402 3670 tempera·

276 3702 413 3754 meatem
439 3701 552 3753 cestrae
574 3691 772 3769 fortitudinis
799 3700 826 3752 et
853 3711 923 3769 erpa
950 3711 996 3751 rae
1021 3690 1145 3750 modurn
1165 3690 1312 3750 caritatis.
1346 3690 1403 3749 Fa-

277 3790 393 3851 multuo
416 3790 550 3868 proximi
577 3789 704 3849 initiare
730 3808 791 3849 aare
819 3789 986 3867 crepiditute
1012 3789 1056 3848 rel
1083 3788 1167 3866 odio,
1196 3774 1271 3865 quoe
1294 3788 1403 3847 maltos

313 4004 338 4056 2.
357 4006 440 4072 palati
448 4006 474 4070 ll
491 4004 513 4054 F
532 4006 562 4067 cf.
582 4022 606 4070 p.
629 4003 705 4056 1729
725 4003 813 4069 quomi
825 4001 827 4072 l
841 4004 881 4066 in;
906 4004 935 4054 F.
957 4033 989 4040 —
1012 4004 1050 4053 li).
1072 4002 1196 4053 Proculus
1214 4002 1296 4052 Rheu.
1308 4010 1401 4067 etpro-

275 4094 349 4145 eulus
368 4093 399 4144 F.
420 4123 453 4130 -
473 4090 516 4143 2⁶2.
536 4093 682 4158 postularint
701 4092 731 4142 F.
752 4123 785 4130 -
805 4102 925 4157 quinqua
943 4090 985 4142 Fl.
1006 4121 1038 4128 —
1059 4091 1100 4143 33.
1121 4091 1260 4156 cupiditate
1279 4091 1333 4139 cdd.
1350 4107 1400 4155 seq.

275 4182 391 4248 cupidite
410 4182 433 4233 F
451 4181 572 4246 cupidine
590 4180 670 4248 htpp.
690 4199 745 4231 cum
764 4181 801 4230 cd.
819 4182 900 4247 princ.
