3409 4909
349 458 387 520 14
771 477 911 520 corruam
933 476 1044 519 morri
1320 462 1353 528 (a.
1374 480 1399 514 u.
1419 462 1473 516 822

347 646 592 708 contubernales
614 645 825 725 appelland03
855 645 935 707 alios
956 646 1164 724 adgnoscere,
1186 647 1345 725 quosdam
1367 648 1474 727 requi-

347 764 414 805 rere
438 749 470 805 et
491 744 629 823 pecunia
650 749 707 804 aut
728 742 830 820 gratia
850 743 978 822 iuvare,
1007 744 1177 805 inserendo
1198 744 1327 824 saepius
1348 746 1474 824 querel-

346 842 394 902 las
410 848 443 902 et
458 841 627 919 ambiguos
641 840 682 929 de
698 840 803 902 Galba
818 860 999 918 sermones,
1021 861 1168 922 quaeque
1184 842 1248 903 alia
1264 842 1473 904 turbamenta

347 939 442 1016 volgi.
464 938 604 1000 Labores
625 937 795 1015 itinerum,
817 938 929 1018 inopia
951 944 1209 1017 commeatuum,
1232 939 1352 1001 duritia
1371 941 1472 1020 impe-

346 1037 386 1097 rii
407 1036 547 1097 atrocius
569 1036 824 1115 accipiebantur,
847 1055 923 1096 eum
945 1036 1143 1115 Campaniae
1163 1033 1253 1098 lacus
1275 1042 1307 1098 et
1329 1037 1472 1100 Achaiae
1490 1049 1504 1101 5

346 1134 442 1196 urbes
470 1133 627 1195 classibus
655 1133 743 1195 adire
764 1133 850 1195 soliti
872 1134 1075 1213 Pyrenaeum
1097 1140 1129 1195 et
1150 1134 1249 1214 Alpes
1271 1140 1301 1195 et
1323 1136 1472 1197 inmensa

294 1236 333 1297 24
346 1233 473 1296 viarum
495 1232 601 1311 spatia
621 1250 712 1309 aegre
734 1230 794 1291 sub
815 1231 913 1293 armis
933 1232 1140 1293 eniterentur.
1162 1232 1389 1309 Flagrantibus
1403 1234 1472 1295 iam

347 1329 490 1391 militum
520 1328 638 1389 animis
669 1328 759 1389 velut
790 1327 875 1389 faces
903 1328 1071 1389 addiderat
1100 1330 1247 1392 Maevius
1276 1330 1422 1408 PudenS,
1455 1351 1472 1392 e

347 1426 504 1505 proximis
532 1423 691 1503 Tigellini.
724 1425 756 1485 Is
784 1425 1036 1487 mobilissimum
1066 1447 1228 1507 quemque
1257 1428 1386 1505 ingenio
1414 1434 1473 1491 aut

347 1523 502 1602 pecuniae
529 1523 678 1601 indigum
706 1523 792 1586 etin
813 1543 914 1586 novas
936 1524 1139 1603 cupididates
1160 1526 1370 1605 praecipitem
1392 1526 1472 1587 adli-
1492 1540 1521 1593 10

347 1621 474 1699 ciendo,
496 1640 534 1683 eo
555 1621 714 1701 paulatim
736 1641 920 1700 progressus
943 1627 1007 1700 est,
1029 1628 1066 1684 ut
1084 1643 1141 1701 per
1156 1624 1295 1703 speciem
1311 1624 1471 1701 convivii,

347 1719 495 1798 quotiens
520 1718 624 1780 Galba
646 1718 733 1798 apud
755 1718 918 1781 Othonem
940 1721 1142 1799 epularetur,
1171 1721 1296 1783 cohorti
1317 1722 1473 1783 excubias

347 1818 453 1895 agenti
481 1817 603 1879 viritim
630 1822 780 1878 centenos
801 1837 954 1879 nummos
977 1818 1150 1897 divideret3
1180 1839 1279 1899 quam
1301 1820 1392 1882 velut
1413 1841 1474 1899 pu-

346 1914 465 1976 blicam
486 1915 690 1991 largitionem
712 1914 797 1976 Otho
816 1915 1039 1976 secretioribus
1055 1916 1143 1996 apud
1159 1916 1302 1993 singulos
1318 1918 1473 1996 praemiis

346 2012 551 2091 intendebat,
583 2012 664 2073 adeo
695 2012 861 2073 animosus
892 2018 1076 2092 corruptor,
1108 2019 1145 2075 ut
1172 2013 1306 2075 Cocceio
1335 2015 1473 2075 Proculo
1493 2030 1521 2083 15

347 2110 556 2189 speculatori,
586 2110 626 2171 de
646 2115 737 2190 parte
759 2109 875 2171 finium
896 2131 972 2171 cum
993 2111 1100 2172 vicino
1121 2112 1313 2189 ambigenti,
1342 2113 1473 2174 univer-

347 2227 421 2269 sum
448 2207 547 2270 vicini
574 2227 687 2285 agrum
716 2228 774 2269 sua
799 2209 939 2288 pecunia
966 2214 1114 2288 emptum
1139 2208 1224 2270 dono
1246 2208 1385 2287 dederit,
1415 2230 1473 2289 per

347 2305 527 2366 socordiam
548 2304 716 2385 praefecti,
746 2326 842 2385 quem
864 2312 942 2367 nota
963 2307 1083 2386 pariter
1104 2312 1136 2368 et
1157 2306 1284 2368 occulta
1305 2306 1472 2369 fallebant.

294 2410 332 2470 25
347 2403 410 2464 Sed
437 2408 509 2464 tum
539 2423 556 2464 e
582 2403 706 2480 libertis
735 2404 950 2466 Onomastum
979 2404 1088 2465 futuro
1117 2405 1227 2466 sceleri
1254 2404 1425 2484 praefecit,
1451 2425 1474 2465 a

347 2521 411 2580 quo
433 2501 589 2562 Barbium
611 2502 801 2578 Proculum,
823 2502 1030 2563 tesserarium
1047 2502 1304 2581 speculatorum,
1327 2508 1359 2563 et
1371 2503 1473 2564 Vetu-
1491 2517 1521 2571 ‘20

346 2599 447 2678 rium,
475 2599 642 2678 optionem
663 2598 855 2677 eorundem,
884 2598 1074 2679 perductos,
1102 2604 1277 2679 postquam
1298 2600 1388 2661 vario
1410 2620 1473 2661 ser-

346 2716 442 2758 mone
480 2696 614 2759 callidos
652 2696 855 2776 audacesque
893 2696 1059 2774 cognovit,
1098 2697 1201 2775 pretio
1240 2702 1271 2757 et
1302 2697 1472 2776 promissis

298 2819 312 2840 Δ
346 2800 473 2873 onerat,
510 2795 586 2857 data
616 2795 755 2874 pecunia
786 2794 828 2854 ad
859 2794 1124 2874 pertemptandos
1156 2794 1301 2874 plurium
1333 2796 1471 2857 animos.

346 2892 519 2971 Suscepere
549 2892 613 2953 duo
635 2892 855 2972 manipulares
876 2892 1051 2971 imperium
1072 2892 1187 2972 populi
1208 2893 1347 2954 Romani
1368 2897 1472 2954 trans-

345 2989 530 3067 ferendum,
558 2995 591 3051 et
617 2990 862 3051 transtulerunt.
885 2990 925 3049 In
947 2990 1177 3051 conscientiam
1199 2989 1351 3051 facinoris
1373 2991 1472 3070 pauci
1491 3010 1521 3062 25

347 3088 471 3149 adsciti.
500 3087 677 3166 Suspensas
707 3093 886 3148 ceterorum
907 3088 1033 3169 animos
1054 3087 1189 3167 diversis
1211 3088 1334 3149 artibus
1357 3089 1472 3150 stimu-

346 3184 431 3261 lant,
452 3184 608 3263 primores
622 3183 766 3244 militum
781 3204 839 3263 per
853 3184 1009 3245 beneficia
1024 3185 1221 3264 Nymphidi,
1237 3190 1274 3246 ut
1289 3192 1471 3265 suspectos,

346 3281 459 3359 volgus
488 3287 520 3343 et
541 3288 661 3344 ceteros
682 3282 730 3342 ira
751 3287 783 3343 et
804 3281 1028 3361 desperatione
1050 3282 1143 3343 dilati
1164 3284 1283 3344 totiens
1305 3282 1455 3345 donativi
1462 3304 1470 3361 3

346 3385 452 3452 erant,
475 3399 555 3459 quos
576 3380 733 3441 memoria
753 3380 889 3441 Neronis
911 3400 948 3441 ao
970 3380 1166 3441 desiderium
1187 3380 1301 3460 prioris
1320 3380 1472 3442 licentiae

346 3477 547 3539 accenderet:
586 3477 620 3539 in
656 3497 828 3539 commune
860 3497 971 3540 omnes
1004 3484 1094 3539 metu
1126 3477 1301 3539 mutandae
1333 3477 1472 3540 militiae
1492 3500 1521 3554 3(

293 3582 332 3643 26
345 3576 556 3636 terrebantur.
578 3574 695 3636 Infecit
715 3594 753 3635 ea
773 3574 864 3635 tabes
885 3574 1050 3652 legionum
1072 3594 1201 3654 quoque
1222 3580 1254 3635 et
1271 3573 1473 3636 auxiliorum

346 3680 451 3734 motas
475 3673 703 3750 inminentes,
732 3677 907 3752 postquam
929 3673 1096 3750 volgatum
1118 3679 1185 3733 erat
1207 3672 1315 3733 labare
1337 3671 1471 3734 Germa-

345 3769 410 3829 nici
438 3769 597 3830 exercitus
625 3768 732 3829 fidem.
764 3767 920 3847 Adeoque
948 3775 1061 3848 parata
1090 3769 1178 3848 apud
1205 3768 1308 3831 malos
1337 3769 1455 3831 seditio
1463 3818 1471 3849 ,

346 3951 506 3959 ———

381 4074 405 4126 9.
431 4074 541 4140 tigillini.
568 4103 601 4112 —
623 4076 663 4126 11.
689 4075 774 4126 conuii
799 4075 841 4126 Fl.
869 4105 901 4113 -
921 4074 963 4128 28.
990 4084 1014 4126 et
1035 4084 1133 4126 ceteros
1156 4076 1256 4126 seclusit
1275 4075 1356 4125 Hertz
1376 4076 1421 4125 aed
1439 4077 1469 4143 cs.

347 4165 362 4214 1.
381 4163 434 4214 Ill.
454 4181 474 4214 c.
494 4164 519 4216 3.
539 4194 573 4202 -
592 4164 634 4218 30.
654 4164 792 4214 communi.
