3409 4909
322 465 378 526 192
744 484 885 526 corenam
907 485 1018 527 rserrr
1291 471 1326 537 (a.
1347 468 1443 523 11823

215 661 265 714 IV.
278 662 311 715 18
319 652 530 712 amandatum
559 652 594 713 in
615 652 734 713 Frisios
756 652 916 729 diximus,
945 654 1104 732 corruptis
1126 655 1317 717 custodibus
1340 656 1452 734 perfu-·

318 750 380 826 git3
402 750 646 829 pollicitusque,
669 751 696 810 si
716 750 915 829 praesidium
937 751 1083 828 daretur,
1105 752 1229 813 iturum
1251 754 1285 813 in
1302 753 1445 814 Batavos

319 854 350 908 et
380 849 538 927 potiorem
570 849 710 910 civitatis
741 855 867 927 partem
899 848 940 909 ud
972 850 1157 911 societatem
1186 852 1370 913 Romanam
1400 872 1446 913 re

318 951 513 1022 tracturum,
535 952 665 1026 accepta
687 946 834 1025 pediturn
849 947 1062 1027 equitumque
1076 950 1205 1010 modica
1220 969 1338 1026 manu,
1360 950 1446 1010 nihil

319 1044 405 1122 apud
427 1045 567 1106 Batavos
588 1064 686 1106 ausus
708 1045 868 1124 quosdam
890 1046 1082 1107 Nerviorum
1104 1048 1396 1127 Baetasiorumque
1411 1049 1445 1109 in
1463 1058 1478 1109 5

319 1161 408 1201 arma
435 1144 535 1203 traxit
562 1148 594 1204 et
622 1144 733 1203 furtim
755 1144 858 1221 magis
880 1163 979 1221 quam
1001 1144 1086 1206 bello
1108 1145 1338 1207 Canninefates
1360 1146 1446 1207 Mar-

318 1259 472 1319 sacosque
492 1240 686 1301 incursabat.
1014 1324 1015 1327 Ἴ
1108 1322 1112 1329 .

265 1338 303 1401 57
358 1338 483 1399 Vocula
518 1339 686 1399 Gallorum
718 1339 831 1399 fraude
863 1339 1000 1399 inlectus
1032 1340 1073 1400 ad
1105 1340 1233 1401 hostem
1264 1339 1445 1401 contendit.

318 1437 383 1497 Nec
412 1437 525 1515 procul
553 1436 723 1497 Veteribus
752 1436 877 1513 aberat,
906 1456 981 1497 cum
1010 1436 1170 1498 Classicus
1198 1457 1235 1498 ac
1264 1439 1367 1498 Tutor
1389 1458 1447 1517 per

319 1535 459 1613 speciem
497 1533 688 1613 explorandi
720 1534 896 1613 praegressi
928 1554 1002 1595 curn
1035 1534 1172 1596 ducibus
1205 1535 1446 1596 Germanorum
1466 1545 1493 1599 10

319 1637 413 1712 pacta
438 1632 613 1694 firmavere.
642 1633 791 1709 Tumque
813 1633 956 1711 primum
979 1632 1108 1693 discreti
1130 1654 1149 1693 a
1168 1633 1351 1710 legionibus
1373 1653 1446 1713 pro·

319 1731 389 1809 prio
421 1730 507 1792 vallo
539 1736 642 1791 castra
673 1750 732 1791 sua
763 1730 981 1808 circumdant,
1014 1731 1194 1792 obtestante
1226 1731 1353 1791 Vocula
1386 1752 1447 1792 non

319 1829 392 1889 odeo
415 1828 566 1888 turbatum
587 1829 723 1889 ciuilibus
743 1829 839 1889 armis
859 1850 921 1889 rern
942 1829 1132 1903 Remanent,
1154 1838 1189 1889 ut
1206 1830 1339 1890 Treueris
1351 1830 1447 1890 etiarn

319 1927 559 2005 Linponibusquc
586 1927 732 2005 despectui
758 1927 806 1987 sit.
834 1926 986 2005 Superesse
1008 1926 1093 2007 fidus
1108 1926 1295 2005 provincius,
1324 1927 1448 1989 uictores

318 2025 472 2095 exercitus,
489 2024 651 2100 fortunam
671 2024 793 2102 imperii
813 2033 840 2084 et
861 2024 970 2084 ultores
991 2024 1065 2085 deos.
1087 2023 1137 2084 Sic
1157 2023 1231 2084 olim
1249 2022 1446 2085 Sacrouirum
1464 2035 1490 2087 15

318 2131 344 2181 et
371 2122 505 2199 Aeduos,
534 2142 628 2200 nuper
663 2122 816 2183 Vindicem
847 2120 1025 2200 Galliasque
1051 2121 1181 2198 sinpulis
1206 2121 1330 2199 proeliis
1350 2122 1446 2182 conci·

319 2221 402 2281 disse.
437 2220 550 2280 Endera
581 2241 686 2281 rursus
715 2221 861 2298 numina,
893 2220 998 2280 cedern
1023 2219 1097 2297 futu
1127 2228 1260 2298 ruptores
1284 2219 1446 2297 foederrnn

319 2328 506 2397 expectarent.
546 2319 656 2379 Melius
694 2318 761 2379 dieo
791 2319 875 2379 Iulio
906 2318 1029 2397 dicoque
1059 2319 1196 2395 Aupusto
1226 2326 1311 2379 notos
1340 2338 1446 2378 eorune

319 2416 452 2476 animos:
487 2415 618 2475 Galbam
649 2426 675 2476 ct
702 2416 836 2494 infructu
867 2416 979 2476 tributu
1008 2416 1125 2477 hostiles
1149 2416 1274 2494 spiritus
1300 2416 1445 2477 induisse.

319 2515 409 2574 Nunc
446 2515 551 2590 hostes,
593 2514 665 2592 quin
702 2515 792 2575 cnolle
829 2514 998 2585 sercitiurn;
1040 2534 1107 2575 cunr
1146 2514 1269 2591 spoliati
1307 2514 1446 2593 exutique
1461 2523 1492 2577 20

314 2613 447 2691 seruiet,
475 2613 587 2674 arnicas
608 2612 684 2689 fore.
713 2613 803 2673 Haec
831 2612 978 2673 ferociter
1005 2612 1148 2688 locutus,
1176 2616 1353 2690 postquam
1375 2631 1445 2692 per-

319 2716 403 2771 stare
431 2710 465 2769 in
485 2708 620 2787 perfidia
641 2709 820 2769 Classicum
841 2710 1059 2787 Tutoremque
1081 2708 1185 2785 videt,
1214 2727 1307 2769 verso
1329 2708 1445 2770 itinere

319 2809 515 2869 Novaesium
544 2807 698 2868 coneedit.
729 2807 815 2867 Galli
842 2806 946 2867 duum
967 2806 1097 2866 milium
1118 2806 1222 2885 spatio
1245 2806 1445 2868 distantibus

320 2907 443 2985 campis
464 2904 642 2967 consedere.
665 2904 748 2964 llluc
768 2906 1022 2965 commeantium
1037 2905 1263 2965 centurionum
1284 2904 1444 2965 militum-

320 3024 382 3083 que
410 3003 599 3064 emebantur
620 3003 737 3080 animi,
766 3007 818 3079 ut,
847 3002 1006 3079 flagitium
1028 3002 1245 3079 incognitum,
1274 3002 1444 3063 Romanus
1462 3012 1492 3066 25

319 3102 478 3162 exercitus
505 3101 540 3160 in
568 3105 700 3161 externa
722 3100 826 3161 'verba
853 3101 973 3160 iuraret
1001 3100 1181 3179 pignusque
1208 3100 1293 3159 tanti
1315 3100 1443 3162 sceleris

320 3220 396 3260 nece
427 3205 484 3260 aut
515 3198 653 3259 vinculis
685 3198 864 3275 legatorum
896 3198 1034 3259 daretur.
1067 3197 1207 3275 Vocula,
1239 3217 1443 3277 quamquam

319 3299 463 3378 plerique
484 3297 594 3374 fugam
615 3296 810 3374 suadebant,
832 3296 1020 3357 audendum
1035 3302 1139 3374 ratus,
1162 3300 1276 3358 vocata
1292 3297 1443 3358 contione

266 3394 305 3456 58
319 3398 353 3457 in
375 3397 461 3457 hunc
482 3395 617 3456 modum
640 3395 805 3455 disseruit:
832 3394 1011 3471 Numquam
1032 3393 1116 3471 opud
1135 3414 1184 3454 nos
1203 3392 1290 3453 nube
1306 3393 1368 3471 feci
1390 3404 1445 3455 aut

315 3516 372 3575 pro
403 3495 481 3556 cobis
510 3494 666 3555 sollicitior
697 3502 752 3553 eut
774 3513 832 3571 pro
858 3512 905 3552 ene
930 3491 1067 3553 securior.
1099 3492 1183 3551 Nunc
1210 3491 1290 3551 utili
1317 3492 1444 3553 esitium
1462 3504 1494 3559 30

315 3594 427 3673 peruri
457 3593 547 3653 libens
567 3592 660 3652 dudio
680 3600 861 3669 ntorternque
880 3590 914 3650 in
937 3599 977 3650 tot
996 3589 1089 3650 mulis
1108 3588 1270 3666 ultimum,
1297 3598 1332 3649 ut
1347 3589 1444 3669 fineen

357 3844 379 3890 1.
409 3838 547 3889 aniendatn
573 3836 602 3886 F.
632 3867 664 3873 -
690 3836 713 3887 6.
743 3850 858 3885 cannene
881 3834 946 3884 lates
970 3832 999 3882 F.
1029 3862 1063 3869 —
1091 3832 1131 3883 17.
1161 3830 1269 3881 numina
1293 3830 1377 3881 Rben.
1399 3850 1443 3883 no

319 3929 390 3978 ruina
408 3928 437 3977 F.
459 3957 491 3963 -
513 3925 553 3977 19.
573 3924 695 3974 indidisse
716 3923 804 3974 Ritten
825 3952 858 3958 -
878 3920 921 3975 26.
940 3922 1037 3972 iuraret
1057 3920 1166 3987 Spcuqel
1183 3920 1300 3971 iurarent
1319 3921 1341 3971 F
1361 3920 1445 3972 Halm

320 4017 456 4084 (flagitium
478 4014 637 4080 incognitum
661 4012 774 4063 Romani
798 4010 936 4077 exereitus)
961 4010 1050 4061 Halm.
1081 4038 1113 4046 —
1140 4010 1181 4061 31.
1209 4009 1329 4059 ultimum
1353 4010 1445 4077 scripsi

318 4107 404 4157 hostin
423 4107 446 4156 F
465 4106 493 4172 (h
511 4123 539 4155 cr
557 4122 574 4155 u
593 4121 654 4154 corr.
675 4102 720 4167 est)
738 4102 873 4152 honestam
892 4109 921 4151 ut
939 4101 1011 4167 Lapa.
1031 4100 1153 4151 solacium
1172 4098 1302 4166 Kiesalinq
1315 4100 1444 4164 optimum

319 4195 415 4247 Meiser·
432 4194 544 4245 hostium
563 4193 627 4243 delet
645 4192 789 4242 Acidalius.
