3409 4909
284 497 310 546 p.
331 480 379 531 ch.
400 479 446 536 70l
621 497 848 540 nrsrorrrlrruru
870 479 926 540 IV.
948 478 1077 544 76-79.
1350 480 1408 545 207

286 666 370 725 Vera
394 669 501 740 erant,
530 669 561 725 et
582 685 601 725 a
622 664 761 726 tribunis
781 665 1015 744 praefectisque
1036 665 1149 727 eadem
1170 666 1406 744 ingerebantur.
1422 667 1461 731 78

286 762 476 823 Consistunt
502 781 559 841 per
586 762 733 823 cohortes
762 767 793 823 et
818 763 1019 843 manipulos:
1048 783 1152 844 neque
1174 765 1262 825 enirn
1283 769 1409 844 poterat
1488 790 1491 803 ·

285 865 447 940 patescere
475 860 558 921 acies
584 860 686 922 effuso
708 860 800 922 hoste
821 865 853 922 et
874 861 1126 940 impedientibus
1147 863 1292 924 tentoriis
1314 864 1408 924 sarci-

285 958 415 1038 nisque,
438 977 512 1019 cum
533 958 619 1018 intra
639 958 763 1020 vallum
784 966 991 1038 pugnaretur.
1020 961 1121 1021 Tutor
1142 966 1174 1023 et
1195 961 1355 1022 Classicus
1377 966 1409 1023 et

248 1055 413 1134 5Civilis,
452 1055 519 1116 suis
550 1055 687 1135 quisque
718 1055 814 1134 locis,
852 1076 996 1136 pugnam
1028 1057 1171 1135 ciebant,
1208 1058 1318 1121 Gallos
1350 1078 1408 1138 pro

285 1152 448 1229 libertate,
477 1153 617 1214 Batavos
645 1173 703 1233 pro
731 1154 847 1233 gloria,
877 1155 1055 1217 Germanos
1080 1155 1122 1216 ad
1143 1156 1298 1236 praedam
1318 1158 1409 1219 insti-

284 1254 404 1327 gantes.
434 1250 476 1311 Et
504 1255 620 1311 cuncta
648 1270 706 1329 pro
732 1251 880 1313 hostibus
902 1257 1009 1330 erant,
1037 1252 1138 1315 donec
1159 1254 1241 1332 legio
1263 1255 1408 1317 unaetvi-

285 1349 427 1408 censima
447 1348 628 1427 patentiore
650 1368 750 1428 quom
771 1354 894 1411 ceterae
915 1351 1020 1430 spatio
1041 1352 1233 1430 conglobata
1254 1352 1409 1414 sustinuit

284 1451 428 1523 ruentes,
458 1466 536 1507 mox
564 1446 693 1525 inpulit.
723 1448 788 1508 Nec
816 1447 885 1508 sine
907 1467 967 1527 cpe
989 1448 1100 1512 divina
1121 1450 1255 1511 mutatis
1276 1454 1407 1528 repente

229 1555 265 1608 10
284 1544 401 1604 animis
439 1549 528 1621 terga
566 1544 702 1605 victores
734 1549 864 1607 vertere.
904 1546 973 1624 Ipsi
1003 1546 1130 1607 territos
1161 1565 1194 1607 se
1224 1546 1407 1608 cohortium

284 1647 417 1721 aspectu
444 1641 605 1718 ferebant,
634 1660 716 1720 quae
737 1642 842 1721 primo
864 1642 989 1721 impetu
1010 1642 1161 1704 disiectae
1182 1644 1318 1704 summis
1339 1663 1408 1704 rur-

285 1758 339 1799 sus
365 1740 448 1816 iugis
477 1740 751 1817 congregabantur
779 1760 816 1801 ac
844 1741 984 1819 speciem
1013 1741 1089 1802 novi
1117 1741 1232 1802 auxilii
1252 1742 1406 1819 fecerant3

284 1836 340 1897 sed
361 1837 488 1897 obstitit
508 1838 714 1898 vincentibus
735 1857 874 1917 pravum
895 1839 979 1899 inter
999 1838 1086 1917 ipsos
1109 1844 1270 1900 certamen
1288 1837 1407 1901 omisso

284 1934 376 1995 hoste
397 1935 501 2013 spolia
522 1935 736 1997 consectandi.
766 1936 898 1997 Cerialis
920 1941 957 1997 ut
977 1936 1102 1998 incuria
1123 1957 1222 2016 prope
1243 1956 1311 1997 rern
1327 1936 1407 1998 affli-

231 2044 265 2097 15
285 2032 348 2109 xit,
387 2032 433 2092 ita
471 2034 652 2093 constantia
685 2033 841 2110 restituit3
881 2038 1074 2114 secutusque
1105 2035 1269 2096 fortunam
1302 2041 1407 2097 castra

285 2129 429 2191 hostium
451 2130 564 2192 eodem
586 2131 638 2192 die
659 2131 746 2210 capit
766 2131 985 2210 excinditque.

325 2229 390 2289 Nec
411 2229 446 2288 in
466 2228 599 2305 longum
620 2229 712 2308 quies
733 2228 831 2289 militi
848 2228 934 2290 data.
958 2229 1101 2291 Orabant
1116 2230 1277 2290 auxilium
1292 2230 1405 2310 Agrip·
1420 2231 1459 2295 79

283 2326 433 2405 pinenses
460 2327 701 2406 offerebantque
730 2346 865 2387 uxorem
893 2346 930 2387 ac
955 2346 1095 2388 sororem
1117 2327 1229 2389 Civilis
1252 2333 1283 2389 et
1304 2328 1406 2389 filiam

284 2423 432 2501 Classici,
453 2423 564 2485 relicta
585 2424 646 2484 sibi
667 2424 802 2504 pignora
823 2425 1000 2486 societatis:
1023 2430 1120 2504 atque
1141 2425 1271 2487 interim
1286 2426 1406 2505 disper·

227 2531 265 2586 20
283 2539 335 2581 scs
366 2521 400 2581 in
432 2520 582 2582 domibus
615 2521 791 2583 Germanos
822 2522 1079 2599 trucidaverant5
1119 2522 1206 2583 unde
1237 2528 1343 2584 metus
1374 2531 1407 2585 et

283 2618 387 2679 iustae
408 2637 516 2697 preces
537 2618 777 2697 invocantium,
799 2624 975 2699 antequam
991 2619 1098 2680 hostes
1112 2621 1268 2699 reparatis
1284 2621 1406 2682 viribus

283 2716 324 2776 ad
352 2735 444 2795 spem
472 2716 523 2778 vel
549 2716 590 2775 ad
612 2715 769 2777 ultionem
791 2717 1041 2794 accingerentur.
1071 2718 1218 2797 Namque
1240 2723 1272 2779 et
1293 2719 1406 2780 Civilis

282 2812 361 2873 illuc
398 2813 596 2889 intenderat,
634 2833 700 2875 non
738 2814 901 2875 invalidus
940 2815 1189 2892 flagrantissima
1223 2816 1406 2878 cohortium

284 2929 416 2971 suarum
444 2910 582 2987 integra,
611 2929 695 2990 quae
723 2930 740 2971 e
768 2911 907 2973 Chaucis
936 2912 1111 2991 Frisiisque
1133 2913 1312 2992 composita
1333 2914 1406 2975 Tol-

226 3021 264 3076 25
283 3008 367 3069 biaci
395 3008 429 3067 in
457 3008 576 3068 finibus
605 3009 891 3087 Agrippinensium
913 3010 1042 3087 agebat,
1071 3009 1127 3071 sed
1148 3010 1248 3071 tristis
1271 3012 1405 3073 nuntius

283 3107 415 3183 avertit,
444 3106 583 3167 deletam
611 3106 776 3167 cohortem
802 3106 877 3168 dolo
899 3108 1202 3187 Agrippinensium,
1231 3110 1287 3189 qui
1309 3110 1405 3187 largis

283 3203 387 3282 epulis
402 3204 542 3283 vinoque
557 3204 678 3282 sopitos
694 3204 888 3282 Germanos,
910 3206 1027 3267 clausis
1043 3205 1180 3284 foribus,
1201 3208 1273 3283 igne
1287 3208 1405 3269 iniecto

208 3338 210 3341 -
283 3320 472 3362 cremavere.
495 3301 599 3363 Simul
621 3301 755 3363 Cerialis
776 3322 913 3382 propero
935 3304 1062 3381 agmine
1080 3304 1239 3366 subvenit.
1263 3305 1405 3366 Circum·

282 3403 413 3460 steterat
443 3400 580 3461 Civilem
611 3404 643 3461 et
674 3400 757 3460 alius
789 3406 911 3478 metuS,
948 3420 989 3461 ne
1020 3407 1135 3480 quarta
1167 3401 1292 3463 decima
1322 3402 1405 3481 legio

225 3510 264 3564 30
282 3496 436 3558 adiuncta
463 3497 650 3557 Britannica
677 3497 777 3558 classe
805 3497 985 3559 adflictaret
1005 3499 1161 3576 Batavos,
1190 3519 1255 3577 qua
1277 3500 1404 3563 Oceano

283 3595 480 3656 ambiuntur.
518 3594 581 3655 Sed
618 3595 776 3672 legionem
807 3597 949 3658 terrestri
981 3596 1094 3658 itinere
1126 3597 1246 3658 Fabius
1278 3599 1404 3660 Priscus

318 3867 342 3919 6.
367 3868 417 3933 gia.
438 3898 471 3906 -
491 3869 515 3919 7.
535 3868 580 3934 xxj
600 3868 630 3918 F.
651 3897 683 3905 -
703 3869 728 3921 8.
748 3869 864 3934 oglouata
882 3870 904 3920 F
924 3870 992 3937 (uel.
1013 3870 1066 3935 est).
1088 3900 1120 3907 —
1143 3870 1182 3921 14.
1202 3870 1301 3921 incuria
1320 3872 1349 3922 F.
1370 3898 1403 3909 -·

281 4007 324 4061 23.
350 4009 495 4061 intenderet
517 4009 559 4061 Fl.
586 4040 619 4048 -
644 3960 835 4076 lbgrantissima
860 4012 889 4062 F.
917 4041 949 4049 -
975 4012 1017 4063 24.
1043 4012 1143 4078 integra
1167 4029 1233 4078 quae
1258 4030 1272 4063 e
1294 4012 1404 4064 Chaucis

281 4097 394 4149 Pt'cltcna
418 4099 555 4165 Integraq;
581 4107 621 4150 ete
645 4100 755 4151 cauchis.
784 4130 816 4137 -
841 4098 884 4153 26.
911 4100 943 4150 ad
956 4098 959 4169 l
972 4100 1037 4151 autit
1055 4102 1077 4152 F
1097 4101 1140 4166 (ad
1159 4101 1206 4151 del.
1227 4100 1280 4165 cst).
1308 4131 1340 4139 —
1360 4101 1402 4154 ⁸28.

194 4232 196 4235 .
281 4186 483 4239 circumsteterat
502 4190 531 4254 cf.
556 4187 629 4255 Verp.
649 4189 716 4239 Aen.
736 4189 773 4241 ll.
793 4188 853 4242 550.
