3409 4909
234 470 253 519 Ρ·
278 456 338 511 Ch.
359 459 405 525 69)
604 475 832 519 ursroamauu
854 458 897 519 II.
921 458 1008 518 1-4.
1327 457 1366 519 53

235 654 306 702 uus
328 664 398 706 -rem
421 644 586 723 publicam
607 644 798 723 susciperet,
827 644 1084 705 obliviscendum
1106 644 1304 705 offensarum
1325 643 1365 705 de

237 733 330 804 bello
368 743 573 821 agitantibus,
613 742 675 803 His
713 762 750 803 ac
786 742 907 804 talibus
939 743 1022 804 inter
1052 762 1143 823 spem
1175 743 1398 822 metumque2

240 828 401 901 iactatum
425 860 499 921 spes
519 841 606 902 vicit.
634 841 795 918 Fuerunt,
823 841 882 920 qui
903 859 1074 902 accensum
1096 840 1253 902 desiderio
1274 842 1366 902 Bere·

243 926 332 999 niees
362 939 490 1017 reginae
521 938 654 1001 vertisse
684 938 745 999 iter
775 938 941 1000 crederent
948 958 955 1015 3
987 957 1092 1017 neque
1123 938 1315 999 abhorrebat
1346 958 1364 997 a

232 1022 395 1098 >Berenice
414 1036 568 1098 iuvenilis
589 1037 734 1114 animus,
756 1036 812 1097 sed
832 1035 978 1114 gerendis
999 1036 1093 1097 rebus
1115 1035 1244 1096 nullum
1265 1055 1306 1097 ex
1327 1055 1364 1097 eo

251 1118 531 1213 impedimentum:
552 1133 672 1195 laetam
693 1134 917 1214 voluptatibus
936 1133 1189 1195 adulescentiam
1203 1133 1283 1211 egit,
1305 1153 1363 1194 suo

255 1238 344 1301 quam
374 1233 475 1313 patris
506 1233 642 1312 imperio
673 1232 876 1294 moderatior.
909 1232 1012 1310 Igitur
1042 1251 1133 1293 oram
1163 1232 1305 1293 Achaiae
1333 1236 1365 1292 et

259 1321 339 1391 triae
361 1351 397 1392 ac
417 1331 511 1392 laeva
531 1332 630 1392 maris
651 1336 856 1411 praevectus,
885 1330 1037 1392 Rhodum
1059 1334 1092 1391 et
1112 1330 1256 1410 Cyprum
1277 1329 1364 1390 insu-

258 1416 307 1506 las,
335 1428 411 1490 inde
437 1429 564 1510 Syriam
585 1428 815 1491 audentoribus
837 1428 951 1508 spatiis
971 1428 1110 1507 petebat.
1140 1431 1247 1508 Atque
1268 1427 1362 1488 illum

232 1512 361 1605 Jcupido
388 1528 521 1588 incessit
541 1527 683 1588 adeundi
704 1526 894 1607 visendique
914 1527 1075 1606 templum
1097 1527 1239 1605 Paphiae
1262 1527 1363 1587 Vene-

254 1622 301 1703 n's,
322 1625 474 1687 inclitum
495 1645 552 1705 per
571 1624 739 1703 indigenas
760 1625 976 1704 advenasque.
999 1625 1098 1686 Haud
1117 1625 1213 1685 fucrit
1228 1624 1362 1701 longum

249 1721 335 1784 initia
363 1724 541 1802 religionis,
568 1724 684 1803 templi
711 1724 827 1799 ritum,
856 1723 994 1785 formam
1023 1722 1100 1783 deae
1129 1724 1247 1801 (neque
1276 1721 1360 1782 enim

247 1820 320 1882 alibi
342 1822 387 1883 sic
408 1822 560 1901 habetur)
581 1823 693 1902 paucis
715 1821 877 1883 disserere.

281 1919 490 1981 Conditorem
510 1920 625 2000 templi
646 1940 751 1998 regem
773 1920 905 1981 Aeriam
926 1923 1018 1981 vetus
1034 1918 1205 1997 memoria,
1227 1917 1397 1997 quidam3

242 2015 344 2095 ipsius
375 2016 453 2079 deae
484 2037 603 2078 nomen
634 2017 668 2078 id
699 2017 886 2097 perhibent:
918 2017 1005 2078 fama
1032 2017 1189 2078 recentior
1215 2015 1315 2076 tradit
1343 2034 1362 2074 a

241 2114 361 2194 Cinyra
381 2119 544 2176 sacratum
564 2114 741 2194 templum,
763 2114 922 2194 deamque
943 2114 1048 2193 ipsam
1069 2118 1258 2192 conceptam
1280 2112 1361 2173 mari

239 2210 304 2273 huc
327 2211 499 2291 adpulsam
506 2232 514 2290 ;
536 2212 592 2274 sed
613 2213 782 2274 scientiam
803 2217 970 2291 artemque
991 2212 1202 2291 haruspicum
1224 2211 1359 2271 accitam

239 2313 272 2370 et
292 2308 427 2371 Cilicem
449 2309 613 2370 Tamiram
634 2309 781 2371 intulisse
803 2320 901 2389 atque
922 2310 968 2370 ita
988 2314 1137 2388 pactum,
1160 2314 1197 2369 ut
1217 2308 1360 2368 familiae

238 2406 410 2486 utriusque
430 2407 550 2486 posteri
571 2407 773 2469 caerimoniis
794 2408 1021 2487 praesiderent.
1051 2408 1146 2484 Mox,
1176 2427 1216 2467 ne
1238 2406 1359 2467 honore

238 2503 332 2565 nullo
359 2504 483 2581 regium
510 2524 611 2582 genus
637 2506 838 2585 peregrinam
866 2506 1000 2585 stirpem
1025 2506 1244 2582 antecelleret,
1273 2505 1359 2584 ipsa,

238 2620 340 2681 quarn
360 2600 554 2680 intulerant,
575 2602 709 2663 scientia
722 2603 867 2682 hospites
882 2622 1018 2663 cessere:
1040 2607 1169 2663 tantum
1184 2600 1360 2681 Cinyrades

237 2698 388 2761 sacerdos
416 2700 603 2762 consulitur.
636 2700 787 2779 Hostiae,
815 2706 852 2762 ut
880 2701 1016 2781 quisque
1045 2701 1149 2777 vovit,
1178 2699 1234 2761 sed
1255 2718 1360 2759 mares

237 2796 440 2875 deliguntur:
463 2798 641 2859 certissima
661 2798 740 2860 fides
762 2798 940 2860 haedorum
955 2798 1053 2861 fibris.
1075 2798 1271 2876 Sanguinem
1286 2817 1359 2858 arae

235 2894 416 2957 obfundere
437 2897 591 2957 vetitum:
616 2896 765 2976 precibus
787 2900 819 2957 et
838 2898 912 2974 igne
933 2916 1014 2977 puro
1035 2896 1150 2957 altaria
1171 2896 1358 2972 adolentur,

235 3011 296 3054 nec
318 2993 394 3054 ullis
414 2993 589 3070 imbribus,
612 3014 800 3074 quanquam
821 2994 857 3054 in
878 3000 1002 3074 aperto,
1024 2993 1223 3055 madescunt.
1253 2992 1358 3054 Simu-

234 3090 363 3152 lacrum
394 3089 472 3152 deae
502 3111 569 3153 non
599 3092 702 3170 effigie
733 3092 893 3153 humana:
926 3093 1098 3154 continuus
1130 3092 1216 3153 orbis
1244 3091 1357 3153 latiore

234 3188 332 3249 initio
359 3193 491 3250 tenuem
518 3190 554 3250 in
579 3189 739 3251 ambitum
760 3195 866 3251 metae
887 3190 983 3251 modo
1005 3209 1194 3267 exsurgens3
1224 3195 1255 3250 et
1276 3190 1357 3251 ratio

233 3286 271 3346 in
291 3285 438 3348 obscuro.
1266 3273 1273 3282 ’

276 3384 371 3445 'litus
401 3388 545 3463 spectata
575 3384 741 3463 opulentia
772 3384 930 3465 donisque
958 3404 1084 3463 regum,
1117 3404 1264 3465 quaeque
1293 3384 1391 3451 alia4

233 3481 360 3542 laetum
395 3481 653 3568 antiquitatibus
676 3483 872 3544 Graecorum
903 3503 1002 3561 genus
1033 3484 1173 3545 incertae
1204 3483 1354 3544 vetustat'

270 3729 296 3781 3.
322 3728 459 3780 Berenices
483 3736 507 3779 et
524 3730 648 3781 Berenice
666 3729 738 3797 Ilipa.
758 3730 889 3781 beronices
907 3738 930 3780 ct
947 3730 1065 3781 beronice
1084 3730 1123 3781 ab.
1150 3760 1182 3768 -
1202 3730 1226 3783 6.
1252 3730 1356 3795 expedi·

234 3825 352 3868 mentum
370 3816 421 3868 abl.
448 3847 481 3855 -
501 3819 525 3869 7.
551 3818 707 3869 moderatior
730 3818 761 3869 ab
784 3820 924 3870 modestior
948 3820 980 3870 G.
1006 3849 1039 3856 —
1059 3819 1083 3872 8.
1110 3820 1141 3870 ab
1159 3819 1256 3869 insulas
1274 3820 1355 3870 denuo

235 3906 325 3974 incipit
339 3913 398 3973 post
416 3907 520 3958 αᾱεναιη
539 3907 655 3958 bennam
673 3908 755 3974 Fsot.
777 3908 819 3961 60.
845 3939 879 3946 —
901 3907 940 3959 12.
967 3908 1045 3959 ritum
1064 3908 1172 3959 Dureau
1190 3909 1220 3959 dc
1239 3907 1355 3959 Lamalle

233 3995 312 4046 situm
330 3995 362 4047 F.
388 4024 420 4033 -
442 3996 482 4047 14.
506 3996 612 4047 Aeriam
632 3996 713 4048 Rhea.
732 3998 762 4063 cs.
781 3999 851 4048 Arm.
872 3996 932 4050 ao?
952 3998 1055 4061 uerian;
1081 3999 1111 4049 F.
1138 4027 1169 4035 —
1192 3996 1232 4049 18.
1252 4005 1277 4048 et
1295 3996 1355 4048 Cili-

232 4100 288 4135 cem
307 4084 390 4135 aaa.
410 4092 436 4136 et
454 4085 543 4136 eilioen
562 4085 585 4135 F
603 4102 617 4136 e
636 4085 725 4137 Cilicia
743 4086 823 4153 Nipp.
843 4104 899 4137 eam
915 4087 1060 4138 Puteolano.
1081 4118 1113 4125 -
1128 4086 1170 4141 20.
1189 4088 1245 4153 ipsa
1258 4086 1300 4138 Fl.
1321 4117 1354 4126 -

233 4171 275 4225 21.
295 4174 420 4225 intulerat
438 4174 468 4226 F.
489 4204 521 4212 ·-
541 4172 584 4227 25.
603 4184 724 4241 quanqua
741 4174 783 4227 Fl.
804 4206 836 4213 -
858 4176 899 4228 27.
918 4185 993 4227 meta.
