3409 4909
212 493 261 567 'p
281 499 330 551 Ch.
351 498 397 564 69)
573 514 800 560 rusroarasuu
821 495 883 555 ΙΙΙ.
907 493 1033 554 39-43.
1302 490 1361 551 129

235 684 456 764 provenisset,
488 688 581 745 atrox
613 682 785 745 consilium
812 682 901 759 iniit,
933 687 970 743 ut
997 681 1132 760 arreptis
1161 678 1297 740 navibus
1326 678 1361 737 in

237 800 480 861 quamcumque
501 787 625 860 partem
647 780 866 841 Narbonensis
880 780 1064 859 provinciae
1080 795 1223 855 egressus
1238 774 1360 837 Gallias

237 886 271 943 et
300 881 461 942 exercitus
489 885 521 942 et
548 880 740 941 Germaniae
766 884 876 956 gentes
904 897 1090 956 novumque
1111 876 1234 937 bellum
1255 874 1359 935 cieret.

237 979 390 1055 Digresso
417 977 554 1038 Valente
575 977 734 1057 trepidos,
763 977 819 1056 qui
841 976 1026 1036 Ariminum
1048 975 1216 1050 tenebant,
1245 973 1359 1033 Corne·
1374 966 1414 1027 42

199 1088 217 1139 5
237 1077 303 1138 lius
333 1077 457 1137 Fuscus
485 1075 616 1136 admoto
637 1075 779 1136 exercitu
801 1079 833 1135 et
852 1074 960 1134 missis
981 1093 1038 1152 per
1058 1072 1207 1152 proxima
1228 1071 1361 1131 litorum

239 1174 423 1235 Liburnicis
460 1178 544 1234 terra
580 1173 727 1253 marique
764 1172 991 1249 circumvenit,
1030 1175 1230 1250 occupantur
1263 1168 1361 1248 plana

239 1272 411 1349 Umbriae,
440 1276 473 1333 et
500 1292 564 1351 qua
593 1272 728 1332 Picenus
757 1290 830 1348 ager
858 1270 983 1330 Hadria
1011 1268 1159 1344 alluitur;
1192 1268 1361 1345 omnisque

238 1370 338 1431 ltalia
359 1370 443 1430 inter
464 1370 701 1448 Vespasianum
722 1388 759 1430 ac
780 1367 951 1429 Vitellium
973 1367 1160 1447 Appennini
1181 1366 1263 1442 iugis
1281 1365 1361 1425 divi-

240 1467 386 1529 debatur.
420 1467 540 1528 Fabius
574 1467 693 1527 Valens
725 1487 741 1527 e
769 1467 842 1527 sinu
871 1467 988 1526 Pisano
1016 1465 1152 1542 segnitia
1179 1463 1276 1523 maris
1305 1468 1362 1523 aut

190 1574 222 1629 10
240 1565 431 1625 adversante
452 1568 550 1625 vento
571 1569 701 1643 portum
723 1563 873 1624 Herculis
891 1563 1037 1624 Monoeci
1059 1562 1238 1641 depellitur.
1261 1559 1362 1628 Haud

239 1662 354 1742 procul
382 1661 458 1723 inde
486 1662 600 1739 agebat
627 1662 750 1722 Marius
776 1662 940 1738 Maturus,
969 1660 1102 1739 Alpium
1124 1659 1362 1733 maritimarum
1407 1689 1409 1693 Α

240 1765 446 1840 procurator,
474 1758 559 1820 fidus
584 1759 732 1833 Vitellio,
760 1760 852 1820 cuius
874 1763 1111 1819 sacramentum
1133 1757 1256 1819 cunctis
1279 1756 1362 1817 circa

240 1858 415 1921 hostilibus
436 1857 583 1919 nondum
604 1863 745 1920 exuerat.
772 1858 804 1918 Is
827 1857 997 1918 Valentem
1018 1857 1153 1918 comiter
1174 1860 1361 1934 exceptum,

240 1976 280 2018 ne
320 1956 461 2017 Galliam
501 1956 742 2017 Narbonensem
780 1960 898 2017 temere
930 1955 1163 2032 ingrederetur,
1200 1951 1362 2014 monendo

196 2063 225 2117 15
242 2053 357 2114 terruit
364 2074 372 2130 ;
401 2053 500 2114 simul
524 2058 707 2114 ceterorum
735 2053 815 2114 fides
842 2058 932 2114 metu
960 2053 1105 2113 infracta.
1135 2053 1283 2132 Namque
1305 2052 1362 2112 cir·
1427 2044 1429 2049 ’

241 2150 417 2211 cumiectas
445 2150 591 2211 civitates
619 2156 807 2229 procurator
835 2151 982 2211 Valerius
1010 2150 1182 2227 Paulinus,
1211 2156 1360 2210 strenuus

241 2248 377 2309 militiae
399 2254 432 2310 et
452 2249 651 2327 Vespasiano
673 2253 747 2309 anto
769 2248 930 2309 fortunam
954 2249 1092 2324 amicuS,
1117 2248 1152 2308 in
1173 2248 1270 2309 verba
1291 2248 1359 2308 eius
1373 2249 1415 2309 43

242 2345 407 2423 adegerat,
439 2346 638 2426 concitisque
668 2346 835 2423 omnibus,
869 2347 924 2425 qui
953 2345 1153 2406 exauctorati
1185 2365 1203 2405 a
1231 2345 1363 2405 Vitellio

241 2442 367 2504 bellum
393 2447 507 2522 sponte
528 2444 715 2521 sumebant,
743 2444 996 2505 Foroiuliensem
1019 2443 1194 2519 coloniam,
1223 2442 1364 2503 claustra

204 2541 358 2617 amaris,
386 2540 546 2620 praesidio
566 2541 734 2619 tuebatur,
763 2561 800 2602 eo
821 2542 947 2618 gravior
968 2545 1094 2618 auctor,
1118 2539 1204 2619 quod
1226 2538 1363 2599 Paulino

214 2699 217 2708 ,
244 2639 348 2717 patria
386 2639 507 2699 Forum
538 2639 603 2700 Iuli
635 2643 666 2700 et
697 2640 800 2701 honos
832 2639 919 2718 apud
950 2639 1184 2719 praetorianos,
1224 2656 1361 2717 quorum

245 2736 409 2814 quondam
434 2737 584 2798 tribunus
606 2738 726 2799 fuerat:
755 2739 882 2817 ipsique
903 2738 1020 2816 pagani
1041 2737 1151 2797 favore
1172 2735 1363 2814 municipali

244 2838 275 2894 et
300 2833 430 2895 futurae
457 2836 620 2913 potentiae
650 2855 706 2914 spe
734 2836 845 2895 iuvare
873 2840 979 2914 partes
1006 2835 1244 2896 adnitebantur.
1274 2834 1363 2905 Quae

244 2932 299 2993 ubi
320 2936 437 3011 paratu
458 2932 551 2993 firma
572 2938 604 2994 et
625 2938 720 2994 aucta
741 2953 868 2994 rumore
890 2933 978 3012 apud
993 2934 1099 2994 varios
1114 2932 1364 2993 Vitellianorum

204 3028 369 3090 uanimos
391 3030 606 3107 increbruere,
633 3031 752 3091 Fabius
773 3031 893 3092 Valens
915 3051 989 3092 cum
1012 3034 1164 3108 quattuor
1185 3030 1362 3109 speculato-

244 3126 333 3187 ribus
365 3132 397 3187 et
426 3127 530 3187 tribus
562 3128 691 3205 amieis,
729 3129 865 3190 totidem
897 3128 1154 3206 centurionibus,
1193 3128 1233 3188 ad
1265 3148 1363 3189 naves

244 3223 434 3303 regreditur,
453 3225 582 3286 Maturo
597 3227 774 3306 ceterisque
788 3246 952 3287 remanere
967 3227 1045 3287 etin
1061 3226 1158 3287 verba
1173 3227 1363 3305 Vespasiani

245 3322 331 3400 adigi
352 3323 535 3384 volentibus
557 3324 628 3384 fuit.
651 3324 800 3385 Ceterum
822 3328 859 3384 ut
880 3344 968 3385 mare
989 3324 1091 3384 tutius
1114 3323 1243 3384 Valenti
1265 3343 1363 3402 quam

244 3419 341 3481 litora
368 3425 426 3481 aut
450 3420 545 3481 urbes
566 3422 612 3482 ita
634 3421 735 3483 futuri
757 3422 927 3499 ambiguus
949 3426 981 3482 et
1001 3422 1119 3499 magis,
1148 3420 1227 3500 quid
1248 3421 1365 3481 vitaret

200 3522 231 3584 30
246 3536 345 3597 quam
376 3518 427 3578 cui
459 3517 587 3595 fideret,
619 3523 740 3597 certus,
773 3520 907 3581 adversa
934 3524 1125 3599 tempestate
1153 3518 1363 3593 Stoechadas,

280 3753 305 3806 6.
325 3761 465 3819 occupatur
483 3753 513 3804 F.
534 3783 566 3789 -
587 3754 611 3805 7.
629 3698 704 3803 lAdria
714 3753 744 3804 F.
766 3752 832 3805 —8.
852 3752 1005 3819 appenninis
1015 3753 1045 3803 F.
1069 3753 1152 3805 -1ῦ,
1172 3752 1270 3802 inmota
1280 3752 1309 3802 F.
1331 3782 1363 3788 —

249 3841 287 3895 16.
307 3841 418 3893 ualerios
435 3842 466 3892 F.
487 3872 519 3879 —
540 3841 581 3895 18.
608 3849 732 3893 exauctor
749 3843 799 3892 rati
818 3842 841 3892 F
861 3843 944 3908 (prior
962 3860 976 3892 r·
993 3843 1074 3893 deleta
1093 3842 1146 3908 eat).
1167 3871 1200 3879 -
1221 3841 1261 3893 19.
1282 3858 1364 3891 sume-

247 3949 289 4034 bpt
313 3984 343 4035 F.
373 4012 406 4021 -
431 3984 530 4035 colonia
554 3984 577 4034 F
602 3984 673 4051 (corax
701 4002 728 4035 ea
746 3984 822 4050 colia)
841 3986 870 4049 cs.
892 3984 995 4036 14319.
1025 4014 1057 4020 -
1082 3986 1244 4048 claustraque
1264 3982 1285 4032 F
1305 3983 1365 4050 (que

248 4142 277 4175 m.
298 4132 391 4192 poster.
416 4125 468 4190 eat).
498 4155 531 4162 -
556 4124 599 4177 24.
629 4126 682 4193 ubi]
703 4126 730 4176 ui
747 4126 770 4176 F
788 4128 817 4191 ef.
839 4124 946 4189 136529,
967 4144 994 4175 rr·
1013 4090 1028 4176 ri
1048 4142 1082 4175 :
1103 4125 1146 4176 ubi
1165 4133 1245 4175 ortum
1263 4124 1316 4175 uid.
1337 4132 1364 4175 ut

249 4212 271 4264 Ι.
292 4212 400 4265 Gronov.
421 4244 453 4250 -
473 4212 516 4265 27.
536 4214 642 4265 Maturo
661 4214 783 4282 Agricola
802 4222 902 4283 mature
921 4214 950 4264 F.

283 4316 442 4354 conamus
460 4316 587 4355 rucrrrs.
607 4304 659 4354 ΙΙΙ.
1243 4302 1258 4354 9
