3409 4909
206 553 209 559 Δ
259 502 285 550 p.
305 484 352 535 Ch.
373 485 418 551 69)
599 500 825 542 maronianum
846 481 890 541 ΙΙ.
913 480 1040 542 29-32.
1340 480 1378 540 69

261 668 383 730 Galbae
390 688 398 746 ;
424 674 536 730 contra
562 668 611 729 illi
638 669 768 729 initium
797 667 874 729 belli
895 686 990 728 nemo
1012 666 1199 745 inputabat:
1228 666 1378 727 Vitellius

260 773 373 829 ventre
400 772 432 828 et
458 767 534 845 gula
560 767 621 827 sibi
645 767 851 844 inhonestus,
879 766 964 827 Otho
985 765 1067 826 luxu
1088 765 1222 826 saevitia
1243 764 1379 825 audacia

260 864 475 943 reipublicae
497 864 660 925 exitiosior
681 864 867 925 ducebatur.

301 961 489 1022 Coniunctis
517 962 671 1022 Caecinae
697 981 734 1023 ac
762 961 908 1023 Valentis
937 961 1037 1040 copiis
1063 960 1154 1021 nulla
1176 960 1260 1020 ultra
1282 978 1378 1038 penes

225 1074 241 1125 5
263 1058 454 1120 Vitellianos
475 1078 579 1137 mora,
608 1060 688 1138 quin
709 1060 785 1121 totis
806 1059 930 1121 viribus
951 1063 1124 1120 certarent:
1147 1057 1232 1118 Otho
1254 1056 1379 1117 oonsul-

260 1157 358 1234 tavit,
395 1157 481 1217 trahi
511 1156 635 1218 bellum
665 1177 707 1218 an
738 1157 902 1218 fortunam
934 1155 1072 1235 experiri
1102 1155 1250 1235 placeret.
1289 1156 1379 1215 Tunc

262 1254 434 1315 Suetonius
462 1255 617 1316 Paulinus
642 1254 777 1332 dignum
798 1254 887 1315 fama
908 1274 967 1315 sua
987 1258 1091 1331 ratus,
1121 1273 1186 1331 qua
1206 1272 1301 1313 nemo
1322 1251 1380 1312 illa

261 1356 453 1431 tempestate
479 1351 629 1413 militaris
657 1353 702 1413 rei
723 1352 870 1413 callidior
891 1352 1086 1429 habebatur,
1116 1351 1155 1412 de
1177 1356 1244 1411 toto
1266 1370 1379 1427 genere

261 1449 338 1510 belli
369 1468 511 1527 censere,
543 1450 781 1513 festinationem
813 1450 975 1527 hostibus,
1008 1469 1132 1510 moram
1158 1449 1237 1527 ipsis
1265 1447 1379 1508 utilem

209 1559 243 1612 10
262 1548 421 1610 disseruit.
448 1549 636 1610 Exercitum
657 1550 780 1610 Vitellii
801 1550 989 1610 universum
1011 1547 1195 1624 advenisse,
1218 1566 1276 1606 nec
1298 1545 1380 1606 mul·
1395 1551 1433 1610 32

262 1652 333 1707 tum
361 1646 480 1707 virium
508 1667 527 1707 a
554 1652 657 1725 tergo,
685 1648 839 1726 quoniam
869 1645 993 1708 Galliae
1014 1649 1163 1706 tumeant
1184 1649 1215 1705 et
1237 1645 1380 1704 deserere

262 1745 367 1805 Rheni
388 1745 493 1825 ripam
513 1745 692 1824 inrupturis
707 1749 773 1805 tarn
789 1743 914 1805 infestis
929 1742 1115 1803 nationibus
1130 1761 1196 1802 non
1211 1739 1378 1801 conducat.

262 1842 485 1903 Britannicum
521 1842 658 1902 militem
693 1842 785 1902 hoste
823 1846 855 1901 et
889 1842 971 1901 mari
1002 1840 1163 1916 distineri;
1203 1839 1379 1917 Hispanias

262 1940 359 2000 armis
387 1959 454 2001 non
474 1941 520 2000 ita
540 1939 735 2016 redundare3
764 1939 963 2018 provinciam
987 1938 1228 1999 Narbonensem
1249 1936 1381 1997 incursu

210 2036 372 2100 malassis
393 2043 425 2098 et
446 2036 579 2105 adverso
601 2037 723 2116 proelio
745 2037 993 2113 contremuisse3
1023 2036 1167 2096 clausam
1189 2034 1327 2114 Alpibus
1350 2040 1381 2095 et

262 2133 352 2194 nullo
390 2134 489 2193 maris
526 2133 670 2195 subsidio
710 2133 977 2212 Transpadanam
1016 2133 1146 2194 Italiam
1182 2139 1278 2213 atque
1310 2133 1380 2211 ipso

261 2231 400 2292 transitu
431 2232 590 2292 exercitus
620 2237 762 2309 vastam;
795 2251 860 2292 non
892 2234 1092 2293 frumentum
1123 2251 1262 2311 usquam
1294 2250 1381 2291 exer-

262 2329 356 2407 citui,
391 2349 450 2390 nec
481 2330 658 2391 exercitum
689 2330 757 2390 sine
786 2330 886 2410 copiis
915 2330 1043 2391 retineri
1071 2349 1173 2409 posse.
1206 2330 1276 2390 Iam
1307 2330 1381 2390 Ger-

261 2445 391 2495 manos,
433 2426 520 2506 quod
558 2446 657 2505 genus
695 2417 838 2489 militum
878 2428 965 2507 apud
1003 2428 1104 2489 hostis
1144 2427 1380 2488 atrocissimum

209 2535 243 2589 20
261 2525 304 2585 sit
311 2572 318 2601 ,
347 2529 448 2585 tracto
476 2524 510 2584 in
538 2530 692 2586 aestatem
722 2526 806 2586 bello
833 2526 931 2586 fluxis
960 2525 1145 2604 corporibus
1167 2525 1379 2584 mutationem

262 2620 323 2681 soli
353 2621 497 2701 caelique
525 2621 614 2682 haud
641 2623 841 2684 toleraturos.
874 2622 980 2684 Multa
1008 2622 1092 2683 bella
1119 2622 1250 2701 impetu,
1272 2621 1381 2682 valida

261 2737 319 2798 per
342 2719 449 2780 taedia
470 2724 502 2779 et
522 2739 628 2780 moras
650 2722 826 2781 evanuisse.
856 2721 976 2782 Contra
997 2720 1075 2799 ipsis
1097 2720 1206 2780 omnia
1227 2719 1381 2798 opulenta

262 2821 294 2879 et
331 2816 411 2878 fida:
449 2818 651 2878 Pannoniam
689 2818 844 2879 Moesiam
881 2818 1076 2879 Delmatiam
1110 2818 1273 2878 Orientem
1306 2836 1381 2877 curn

261 2915 393 2992 integris
424 2916 635 2991 exercitibus,
667 2916 798 2977 ltaliam
830 2923 862 2978 et
891 2921 988 2996 caput
1016 2936 1122 2976 rerum
1151 2915 1263 2976 urbem
1292 2934 1380 2975 sena-

204 3025 243 3079 25
261 3016 398 3091 tumque
429 3018 460 3074 et
491 3013 667 3091 populum,
699 3034 880 3093 numquam
911 3014 1046 3075 obscura
1073 3014 1222 3091 nomina,
1254 3013 1381 3075 etiamsi

262 3108 439 3188 aliquando
459 3109 708 3187 obumbrantur3
731 3109 878 3190 publicas
900 3112 1106 3191 privatasque
1121 3131 1197 3191 opes
1213 3117 1245 3172 et
1258 3111 1381 3172 inmen-

262 3225 334 3267 sam
371 3208 558 3286 peouniam,
595 3209 679 3269 inter
710 3209 820 3269 civiles
853 3208 1029 3270 discordias
1061 3209 1142 3271 ferro
1175 3208 1379 3287 validiorem3

262 3322 397 3383 corpora
426 3305 570 3367 militum
601 3310 658 3366 aut
689 3306 803 3366 Italiae
835 3313 927 3367 sueta
959 3313 1016 3368 aut
1046 3308 1196 3369 aestibus.
1229 3307 1381 3368 Obiacere
1418 3358 1422 3366 .

260 3402 387 3463 fiumen
407 3403 549 3481 Padum,
571 3408 658 3465 tutas
679 3404 758 3464 uiris
779 3404 945 3483 murisque
960 3405 1069 3482 urbes;
1092 3405 1241 3483 equibus
1256 3404 1381 3464 nullam

200 3514 242 3569 30
260 3500 350 3561 hosti
380 3520 541 3562 cessuram
572 3502 755 3563 Placentiae
783 3501 968 3563 defensione
997 3503 1210 3581 exploratum.
1244 3499 1381 3561 Proinde

260 3598 394 3661 duceret
421 3597 552 3660 bellum.
582 3599 696 3660 Paucis
717 3599 831 3660 diebus
853 3605 1003 3679 quartam
1026 3600 1185 3660 decimam
1205 3600 1380 3676 legionem,

298 3932 323 3985 a
343 3933 493 3986 monaca
515 3934 641 3987 vautra*
659 3911 781 3986 inmoti
800 3936 823 3986 r
842 3937 871 4000 cf-
891 3935 940 3987 rv.
962 3934 994 3987 aa
1014 3935 1106 3985 mora
1120 3934 1164 3998 ru)
1178 3934 1247 3984 ann.
1269 3933 1329 3984 xv.
1346 3932 1380 3986 ‘25

260 4039 316 4090 pax
339 4023 442 4075 inhosta
466 4023 558 4092 (Med.)
582 4024 684 4075 sibimet
705 4018 785 4075 hostis
808 4024 891 4075 Rhea.
917 4024 1018 4075 sibimet
1042 4023 1148 4073 infestus
1166 4021 1259 4072 Heius.
1286 4052 1317 4059 -
1337 4021 1380 4074 23.

259 4111 393 4163 Delmatia
415 4112 446 4163 F.
476 4142 509 4149 —
528 4112 571 4165 25.
596 4114 705 4180 etiamsi]
725 4114 775 4164 etia
794 4114 824 4165 F.
852 4144 884 4150 -
906 4112 947 4166 30.
967 4121 1073 4163 censura
1091 4111 1121 4161 F.
1141 4141 1174 4147 —
1193 4110 1339 4162 detonsione
1360 4111 1381 4161 F

261 4201 393 4267 (deletam
411 4204 465 4267 cat).
