3409 4909
290 487 316 535 p.
336 468 383 520 th.
404 468 448 535 70)
623 484 851 527 nrsroarnaorr
873 465 929 526 IV.
951 465 1079 530 68-71.
1188 430 1189 433 Ἴ
1353 465 1409 527 201

290 653 420 730 nititur;
442 652 603 714 Classicus
624 672 718 729 segne
739 653 931 731 plerumque
949 653 1052 715 otium
1067 653 1198 714 trahens
1212 653 1302 715 velut
1316 659 1408 732 parto

290 750 426 829 imperio
453 750 627 811 fruebatur.
656 751 703 811 Ne
732 752 832 812 Tutor
859 750 992 830 quidem
1014 751 1190 812 maturavit
1211 751 1409 830 superiorem

291 846 482 908 Germaniae
503 848 608 927 ripam
629 852 661 908 et
675 847 777 908 ardua
791 847 926 927 Alpium
941 848 1108 926 praesidiis
1124 848 1280 908 claudere.
1303 848 1411 927 Atque

289 946 419 1006 interim
456 946 732 1008 unaetvicensima
766 946 848 1023 legio
881 944 1092 1033 Vindonissa,
1131 945 1287 1006 Sextilius
1317 945 1410 1005 Felix

254 1056 364 1107 ocum
396 1043 576 1104 auxiliariis
606 1043 793 1105 cohortibus
821 1063 878 1122 per
905 1043 1051 1103 Raetiam
1079 1042 1244 1121 inrupere:
1277 1043 1410 1104 accessit

290 1140 342 1201 ala
369 1140 604 1218 Singularium,
632 1142 738 1201 excita
765 1140 844 1202 olim
872 1160 891 1201 a
920 1140 1067 1218 Vitelli0,
1096 1140 1212 1201 deinde
1239 1141 1274 1200 in
1302 1146 1409 1220 partes

289 1239 480 1318 Vespasiani
508 1244 719 1316 transgressa;
751 1243 897 1318 praeerat
924 1239 1029 1299 lulius
1057 1239 1274 1316 Briganticus,
1303 1258 1409 1300 sorore

289 1336 401 1397 Civilis
428 1337 570 1414 genitus,
599 1342 637 1397 nt
663 1336 763 1397 ferme
790 1336 945 1397 acerrima
973 1336 1196 1422 proximorum
1222 1335 1296 1397 odia
1317 1341 1408 1414 sunt,

288 1433 412 1495 invisus
451 1434 612 1497 avunculo
650 1434 868 1512 infensusque.
907 1435 1007 1495 Tutor
1041 1434 1253 1496 Treverorum
1284 1435 1408 1513 copias,

235 1540 270 1595 10
288 1532 408 1591 recenti
434 1533 641 1609 Vangionum
662 1532 885 1593 Caeracatium
906 1531 1117 1593 Tribocorum
1139 1531 1259 1592 dilectu
1281 1536 1407 1610 auctas,

289 1634 439 1690 veterano
471 1629 578 1709 pedite
610 1634 707 1709 atque
738 1631 846 1710 equite
877 1629 1036 1707 firmavit,
1074 1630 1232 1708 corruptis
1263 1648 1319 1709 spe
1351 1635 1408 1691 aut

288 1731 378 1786 metu
406 1726 547 1788 subactis
575 1727 773 1804 legionariis;
802 1728 859 1806 qui
885 1728 989 1806 primo
1011 1727 1176 1789 cohortem
1197 1728 1407 1807 praemissam

288 1842 307 1883 a
335 1823 470 1886 Sextilio
498 1824 603 1885 Felice
623 1825 836 1902 interficiunt,
866 1845 959 1903 mox,
987 1825 1045 1886 ubi
1066 1825 1163 1886 duces
1184 1826 1408 1905 exercitusque

288 1921 454 1982 Romanus
482 1923 760 2001 propinquabant,
788 1914 924 1983 honesto
953 1922 1130 2001 transfugio
1155 1922 1291 2001 rediere,
1320 1943 1407 1984 secu-

234 2031 267 2083 15
287 2018 329 2079 tis
350 2020 493 2080 Tribocis
514 2020 800 2098 Vangionibusque
822 2026 854 2082 et
876 2020 1111 2081 Caeracatibus
1140 2021 1241 2081 Tutor
1261 2021 1406 2082 Treveris

287 2117 532 2192 comitantibus,
564 2118 666 2179 vitato
694 2118 897 2195 Mogontiaco
925 2118 1077 2195 Bingium
1105 2118 1276 2194 concessit,
1305 2117 1407 2179 fidens

286 2213 373 2291 loco,
402 2214 478 2292 quia
505 2219 638 2293 pontem
666 2215 775 2277 Navae
802 2215 947 2276 fluminis
976 2215 1163 2294 abruperat:
1192 2216 1248 2277 sed
1275 2216 1407 2277 incursu

287 2310 484 2389 cohortium,
506 2331 587 2391 quas
609 2312 762 2373 Sextilius
784 2312 937 2390 ducebat,
960 2317 991 2373 et
1012 2318 1137 2392 reperto
1158 2312 1242 2374 vado
1257 2313 1405 2392 proditus

286 2408 450 2487 fususque.
474 2410 521 2468 Ea
541 2409 631 2469 clade
653 2410 792 2488 perculsi
812 2411 957 2486 Treveri,
980 2415 1011 2471 et
1033 2409 1142 2489 plebes
1164 2410 1290 2471 omissis
1308 2411 1405 2470 armis

230 2518 268 2573 20
286 2524 343 2583 per
374 2525 464 2583 agros
494 2506 623 2585 palatur
631 2527 638 2583 ;
671 2507 804 2586 quidam
836 2508 1037 2587 principum,
1069 2513 1106 2568 ut
1136 2508 1233 2587 primi
1261 2509 1406 2587 posuisse

286 2602 408 2663 bellum
437 2603 637 2681 viderentur,
666 2604 700 2665 in
722 2605 884 2683 civitates,
914 2625 996 2683 quae
1018 2607 1202 2666 societatem
1225 2606 1424 2667 Romanam.

286 2720 351 2761 non
379 2707 549 2779 exuerant,
577 2702 759 2781 perfugere:
787 2702 928 2780 legiones
952 2723 971 2763 a
992 2703 1151 2764 Novaesio
1172 2704 1350 2782 Bonnaque
1371 2703 1405 2764 in
1415 2708 1463 2760 IV.
1475 2708 1509 2762 62

286 2798 455 2875 Treveros,
493 2804 530 2859 ut
560 2819 658 2879 supra
689 2801 957 2878 memoravimus,
989 2800 1156 2862 traductae
1187 2820 1220 2861 se
1252 2801 1339 2880 ipsae
1371 2801 1405 2860 in

285 2895 383 2957 verba
414 2898 604 2975 Vespasiani
635 2897 778 2975 adigunt.
813 2899 903 2960 Haec
937 2899 1109 2961 Valentino
1141 2900 1271 2960 absente
1301 2905 1404 2977 gesta;

228 3006 265 3061 25
285 2994 343 3072 qui
372 2994 430 3054 ubi
460 2994 657 3056 adventabat
686 2996 795 3057 furens
827 3001 1006 3076 cunctaque
1035 3017 1145 3057 rursus
1173 2998 1207 3057 in
1235 2997 1346 3057 turbas
1374 3002 1405 3058 et

285 3091 422 3151 exitium
459 3112 687 3170 conversuruS,
725 3093 866 3171 legiones
901 3095 936 3154 in
967 3085 1245 3173 Mediomatricos,
1284 3095 1405 3155 sociam

285 3189 466 3266 civitatem,
488 3190 676 3251 abscessere.
699 3191 891 3253 Valentinus
913 3211 950 3252 ac
971 3194 1071 3254 Tutor
1092 3193 1127 3253 in
1148 3212 1238 3253 arma
1252 3193 1404 3254 Treveros

284 3286 468 3363 retrahunt,
497 3288 609 3349 occisis
630 3288 795 3349 Herennio
817 3309 854 3351 ac
876 3290 1024 3351 Numisio
1045 3290 1173 3368 legatis,
1195 3309 1259 3369 quo
1281 3291 1404 3350 minore

284 3401 341 3463 spe
362 3385 475 3446 veniae
496 3391 649 3446 cresceret
670 3386 838 3448 vinculum
860 3387 996 3448 sceleris.
1342 3397 1344 3401 “

227 3494 265 3549 30
324 3481 388 3542 Hic
416 3481 492 3543 belli
520 3487 624 3543 status
645 3488 728 3559 erat,
757 3503 831 3544 cum
854 3484 987 3546 Petilius
1009 3484 1141 3569 Cerialis
1162 3483 1404 3561 Mogontiacum
1418 3489 1456 3553 71

319 3735 344 3785 4.
372 3743 423 3785 una
447 3743 473 3785 et
496 3735 655 3786 uincensima
679 3737 768 3801 F(·ct
792 3754 808 3786 n
827 3737 939 3803 syllabae
958 3737 1003 3788 uin
1022 3737 1104 3788 deletu
1122 3744 1186 3787 srvat.
1216 3768 1248 3773 —-
1269 3738 1293 3788 7.
1322 3745 1404 3787 trans-

282 3839 371 3888 grassa
388 3822 431 3874 ΡΙ.
460 3853 491 3860 -
514 3824 554 3878 10.
584 3824 679 3875 dilectu
697 3823 740 3876 F1.
769 3855 802 3862 -
824 3826 865 3875 11.
894 3826 992 3891 pedites
1011 3807 1112 3876 F1j-
1135 3823 1174 3875 12.
1200 3832 1283 3877 metus
1301 3824 1342 3876 Fl.
1369 3854 1402 3863 —

284 3912 325 3963 13.
344 3912 453 3976 exereit;
473 3929 504 3977 q;
518 3910 520 3981 l
533 3929 637 3977 roman;
658 3913 680 3963 F
699 3913 812 3963 Romani
830 3913 912 3963 Rhea.
935 3943 967 3950 -
988 3914 1028 3965 14.
1048 3914 1113 3964 sicut
1127 3914 1153 3963 Is
1169 3913 1199 3963 F.
1220 3913 1307 3966 -16,
1327 3914 1403 3964 corrri-

281 4000 396 4051 tantibus
421 4001 451 4051 F.
478 4030 510 4037 —
537 4001 577 4052 17.
604 4007 665 4066 pote
683 4002 713 4051 F.
741 4030 773 4038 —
792 4002 885 4052 Navae
902 4001 984 4052 thn.
1005 4018 1086 4052 nauas
1104 4002 1134 4051 F.
1162 4030 1194 4038 -
1216 4001 1257 4053 19.
1282 4001 1403 4067 perculsit

281 4090 310 4152 cs.
342 4088 444 4143 19826.
474 4118 506 4127 -
534 4088 577 4140 22.
606 4091 770 4156 perfugerent
794 4090 836 4141 Fl.
867 4120 899 4128 -
925 4089 967 4142 23.
996 4091 1067 4156 ipsae
1091 4090 1193 4141 Ernesti
1217 4090 1285 4156 ipsas
1309 4092 1339 4142 F.
1369 4120 1402 4128 -

281 4176 324 4229 27.
344 4177 479 4231 abcessere.
500 4208 533 4216 -
552 4177 595 4230 28.
615 4179 727 4230 minores
745 4180 788 4232 Fl.
