3409 4909
308 467 368 525 144
733 483 874 526 corruam
896 483 1007 526 rrcnu
1280 468 1313 535 (a.
1334 484 1360 518 u.
1381 466 1431 520 822

307 671 411 730 pauca
433 657 465 712 et
486 653 645 730 praesenti
667 654 848 713 maestitiae
871 653 1080 729 congruentia
1101 652 1243 728 locutae,
1267 652 1379 713 cedere
1401 671 1433 712 se

308 750 396 829 pacis
427 756 459 810 et
487 751 533 810 rei
560 751 709 829 publicae
737 769 850 827 causa,
882 751 1056 812 retinerent
1083 755 1212 811 tantum
1239 749 1434 810 memoriam

308 848 359 907 sui
387 848 583 927 fratremque
608 853 639 909 ct
660 848 830 925 coniugem
852 853 884 910 et
905 849 1072 909 innoxiam
1095 848 1270 909 liberorum
1292 852 1433 908 aetatem

308 945 550 1021 miserarentur,
573 944 671 1005 simul
693 945 798 1005 filium
814 945 1025 1024 protendens,
1047 945 1145 1006 modo
1160 945 1311 1022 singulis,
1335 944 1433 1006 modo

309 1042 467 1103 universis
481 1042 725 1121 commendans,
749 1048 912 1121 postremo
926 1043 1005 1104 fletu
1019 1042 1246 1123 praepediente
1262 1042 1433 1104 adsistenti
1451 1055 1465 1105 5

308 1140 433 1201 consuli
464 1140 636 1217 (Caecilius
668 1140 814 1220 Simplex
843 1143 925 1219 erat)
953 1141 1137 1202 exsolutum
1167 1161 1187 1201 a
1213 1141 1313 1202 latere
1342 1141 1433 1220 pugi-

308 1257 419 1313 onem,
442 1238 531 1299 velut
551 1238 602 1298 ius
616 1238 703 1299 necis
719 1240 868 1318 vitaeque
884 1239 1020 1315 civium,
1042 1238 1205 1300 reddebat.
1228 1240 1433 1317 Aspernantc

309 1334 453 1413 consule,
481 1335 755 1413 reclamantibus,
777 1337 833 1416 qui
863 1337 897 1397 in
925 1338 1074 1398 contione
1102 1336 1310 1414 adstiterant,
1340 1337 1433 1397 utin

309 1432 386 1493 aede
408 1433 604 1495 Concordiae
625 1435 789 1512 positurus
810 1434 949 1512 insignia
968 1435 1096 1513 imperii
1110 1434 1310 1514 domumque
1326 1433 1434 1495 fratris

309 1532 468 1610 petiturus
490 1531 643 1593 discessit.
666 1532 770 1593 Maior
791 1532 844 1592 hic
867 1532 988 1593 clamor
1009 1532 1236 1593 obsistentium
1259 1533 1434 1611 penatibus
1454 1544 1484 1597 10

309 1629 458 1709 privatis,
490 1629 524 1689 in
555 1629 717 1690 Palatium
750 1631 953 1706 vocantium;
990 1630 1202 1691 interclusum
1233 1630 1325 1690 aliud
1356 1631 1434 1708 iter,

308 1727 407 1805 idque
435 1727 557 1803 solum,
586 1747 650 1806 quo
678 1728 712 1787 in
737 1747 861 1788 sacram
883 1729 970 1790 viam
993 1733 1150 1807 pergeret,
1179 1727 1320 1806 patebat.
1348 1728 1435 1788 Tum

308 1824 434 1908 consilii
454 1826 549 1903 inops
571 1825 605 1885 in
626 1825 790 1886 Palatium
811 1825 903 1886 redit.

349 1922 560 1983 Praevenerat
586 1942 696 1983 rumm
718 1924 835 1983 eiurari
856 1925 897 1985 ab
919 1943 956 1985 eo
977 1924 1167 2002 imperium,
1196 1924 1435 2002 scripseratque

308 2019 441 2081 Flavius
462 2019 600 2081 Sabinus
621 2021 805 2081 cohortium
827 2021 983 2098 tribunis,
1014 2027 1051 2082 ut
1075 2020 1213 2082 militem
1235 2021 1434 2081 cohiberent.
1455 2036 1485 2089 15

255 2117 413 2194 diligitur
450 2124 619 2198 tamquam
653 2116 758 2180 omnis
791 2139 840 2180 res
873 2120 1004 2199 publica
1035 2121 1067 2179 in
1101 2120 1292 2198 Vespasiani
1323 2119 1436 2180 sinum

309 2217 469 2293 cessisset,
508 2217 665 2295 primores
703 2222 834 2278 senatus
873 2224 906 2278 et
944 2218 1088 2296 plerique
1121 2216 1277 2296 equestris
1309 2216 1437 2277 ordinis

309 2315 478 2394 omnisque
509 2314 602 2375 miles
634 2314 777 2375 urbanus
810 2322 841 2376 et
873 2316 985 2393 vigiles
1017 2315 1152 2376 domum
1184 2314 1289 2375 Flavii
1321 2314 1436 2376 Sabini

309 2412 518 2492 complevere.
548 2412 631 2473 Illuc
660 2413 699 2473 de
727 2413 844 2475 studiis
873 2413 960 2490 volgi
988 2418 1020 2474 et
1044 2413 1141 2473 minis
1164 2411 1435 2473 Germanicarum

308 2511 490 2571 cohortium
518 2510 669 2572 adfertur.
699 2512 840 2588 Longius
867 2512 932 2571 iam
955 2530 1139 2590 progressus
1162 2516 1244 2587 erat,
1273 2529 1373 2589 quam
1396 2516 1436 2572 ut
1453 2523 1487 2578 20

309 2608 430 2685 regredi
461 2614 569 2687 posset
576 2629 583 2685 ;
616 2614 648 2670 et
679 2628 737 2669 suo
771 2610 909 2688 quisque
940 2614 1045 2685 metu,
1077 2628 1117 2669 ne
1149 2608 1298 2669 disiectos
1330 2628 1435 2687 eoque

309 2707 417 2767 minus
438 2706 563 2767 validos
584 2706 753 2767 Vitelliani
771 2711 1048 2783 consectarentur,
1070 2711 1277 2767 cunctantem
1292 2706 1327 2766 in
1342 2726 1436 2771 arma
1477 2709 1480 2717 '

308 2803 516 2883 inpellebant.
546 2803 608 2865 Sed
634 2803 722 2883 quod
744 2804 779 2864 in
800 2803 959 2865 eiusmodi
981 2804 1076 2870 rebus
1097 2803 1229 2880 accidit,
1258 2803 1435 2864 consilium

309 2902 350 2962 ab
381 2902 532 2962 omnibus
560 2901 674 2963 datum
702 2907 765 2979 est,
798 2902 979 2981 periculum
1008 2902 1105 2981 pauci
1133 2920 1307 2980 sumpsere.
1341 2901 1436 2962 Circa

309 3000 417 3060 lacum
438 2999 589 3059 Fundani
610 2999 896 3078 descendentibus,
919 3000 974 3079 qui
997 3000 1154 3060 Sabinum
1176 2999 1434 3077 comitabantur,
1454 3014 1487 3069 25

309 3098 441 3158 armatis
482 3103 655 3158 occurrunt
692 3098 928 3177 promptissimi
967 3098 1225 3158 Vitellianorum.
1265 3096 1436 3158 Modicum

309 3195 355 3256 ibi
383 3196 542 3275 proelium
569 3195 734 3274 inproviso
763 3196 924 3273 tumultu,
953 3195 1009 3256 sed
1034 3214 1226 3274 prosperum
1248 3194 1435 3256 Vitellianis

310 3293 381 3354 suit.
410 3294 548 3354 Sabinus
577 3314 609 3354 re
637 3293 778 3372 trepida,
808 3293 896 3372 quod
924 3292 1125 3354 tutissimum
1154 3292 1435 3371 epraesentibus,

311 3412 415 3452 arcem
438 3390 589 3470 Capitolii
612 3390 729 3451 insedit
751 3392 856 3452 mixto
870 3391 974 3451 milite
989 3396 1020 3452 et
1035 3390 1230 3470 quibusdam
1246 3395 1436 3451 senatorum

311 3489 539 3569 equitumque3
568 3507 706 3566 quorum
735 3490 869 3549 nomina
896 3488 1020 3549 tradere
1048 3488 1138 3548 haud
1158 3493 1348 3567 promptum
1368 3494 1435 3567 est,
1455 3503 1489 3558 30

311 3590 466 3669 quoniam
493 3588 613 3649 victore
642 3587 841 3667 Vespasiano
870 3588 967 3648 multi
994 3587 1029 3647 id
1056 3587 1209 3649 meritum
1230 3606 1304 3665 erga
1325 3591 1435 3666 partes

347 3827 371 3877 3.
391 3834 435 3875 sua
453 3825 475 3875 F
478 3824 495 3875 l.
517 3855 548 3861 -
570 3823 611 3877 10.
630 3824 691 3874 hinc
709 3823 808 3874 Haase.
828 3853 862 3860 —
884 3824 924 3874 11.
944 3808 989 3873 Int
1012 3824 1126 3873 clausum
1146 3822 1176 3873 F.
1202 3852 1235 3860 —
1257 3822 1298 3874 12.
1317 3823 1387 3889 quod
1408 3824 1435 3875 in

311 3931 383 3964 sacra
401 3914 430 3964 F.
452 3944 483 3950 —
506 3915 546 3965 13.
571 3913 636 3963 redit
655 3914 678 3964 F
697 3913 774 3963 rediit
793 3913 847 3963 cdd.
868 3930 917 3979 seq.
938 3942 971 3949 --
993 3913 1033 3963 14.
1052 3911 1134 3962 iurari
1152 3911 1182 3977 F.
1203 3941 1235 3949 —
1258 3913 1298 3963 17.
1318 3912 1436 3964 cessisset

311 4003 350 4066 G,
380 4002 459 4069 Nipp.
488 4002 625 4054 cecississet
649 4003 671 4053 F
695 4001 826 4053 cecidisset
852 4002 879 4063 b,
909 4001 991 4051 Halm
1022 4002 1185 4052 concessisset
1209 4000 1300 4051 Rittcr.
1331 4031 1364 4039 —
1389 4000 1434 4055 26.

311 4091 404 4142 armati
432 4092 550 4157 Kraffert.
581 4122 613 4128 —
641 4090 683 4143 28.
713 4085 796 4164 quoq;
826 4089 861 4140 Fl
888 4108 949 4141 corr.
977 4091 1006 4140 in
1033 4090 1109 4156 quod.
1140 4118 1171 4127 -
1193 4089 1234 4143 30.
1264 4089 1435 4141 nominarint

310 4180 413 4232 tradere
431 4181 501 4231 haud
520 4181 549 4230 F.
