3409 4909
311 453 368 512 142
736 472 876 514 connum
898 472 1008 513 rusorrr
1281 459 1314 523 (a.
1336 456 1434 511 11822

309 640 456 701 ctoritate
488 643 689 721 pecuniaque
720 642 958 720 Vespasianum
990 642 1151 720 anteibat,
1184 648 1215 704 et
1243 643 1434 705 credebatur

309 737 469 799 adfectam
501 740 569 800 eius
600 740 697 800 fidem
729 760 823 818 parce
855 740 975 800 iuvisse
1004 740 1100 801 domo
1128 741 1276 819 agrisque
1305 742 1434 820 pignori

309 837 463 914 acceptis,
493 838 594 914 unde,
624 857 824 918 quamquam
852 843 1004 900 manente
1025 840 1059 899 in
1081 839 1222 918 speciem
1244 839 1433 915 concordia,

309 933 505 994 offensarum
526 940 637 1013 operta
657 935 895 997 metuebantur.
923 935 1037 997 Melior
1057 936 1295 1016 interpretatio,
1318 937 1432 998 mitem

308 1032 416 1092 virum
437 1032 606 1095 abhorrere
628 1054 647 1094 a
668 1034 823 1111 sanguine
845 1040 877 1095 et
898 1033 1066 1113 caedibuS,
1089 1054 1190 1114 eoque
1216 1034 1335 1115 crebris
1357 1044 1465 1097 cumo

309 1129 440 1190 Vitellio
469 1132 670 1193 sermonibus
699 1132 738 1192 de
766 1151 844 1210 pace
872 1132 1095 1211 ponendisque
1123 1151 1180 1211 per
1207 1132 1433 1193 condicionem

308 1228 406 1287 armis
443 1229 571 1305 agitare.
611 1229 712 1308 Saepe
750 1229 840 1290 domi
879 1230 1054 1306 congressi,
1092 1234 1255 1308 postremo
1287 1230 1322 1290 in
1354 1230 1433 1290 aede

308 1324 485 1403 Apollinis,
525 1332 562 1388 ut
592 1327 679 1387 fama
711 1327 787 1404 fuit,
826 1328 990 1407 pepigere:
1029 1328 1127 1389 verba
1159 1347 1319 1407 vocesque
1351 1328 1434 1388 duos

308 1428 404 1484 testes
425 1423 606 1500 habebant,
628 1424 781 1486 Cluvium
803 1424 926 1486 Rufum
948 1430 980 1485 et
997 1424 1114 1485 Silium
1129 1424 1292 1486 italicum.
1315 1424 1433 1486 Voltus

309 1519 421 1597 procul
448 1520 627 1582 visentibus
655 1522 868 1599 notabantur,
899 1521 1022 1583 Vitellii
1044 1522 1204 1601 proiectus
1225 1527 1258 1583 et
1279 1523 1432 1601 degener,
1452 1533 1481 1588 10

309 1616 447 1678 Sabinus
468 1638 534 1679 non
555 1618 715 1680 insultans
738 1624 770 1679 et
790 1620 957 1680 miseranti
978 1620 1117 1698 propior.

255 1723 294 1784 66
349 1715 443 1786 Quod
466 1717 492 1776 si
513 1721 581 1777 tam
603 1716 695 1778 facile
717 1737 850 1778 suorum
869 1723 992 1778 mentes
1005 1718 1150 1778 flexisset
1165 1718 1317 1779 Vitellius
1333 1737 1434 1798 quam

308 1814 377 1892 ipse
408 1820 560 1892 cesserat,
593 1815 795 1876 incruentam
826 1815 940 1876 urbem
974 1816 1164 1894 Vespasiani
1196 1816 1357 1878 exercitus
1385 1816 1434 1876 in·

308 1916 430 1972 trassel.
460 1912 614 1983 ,Ceterum
645 1918 681 1973 ut
712 1913 850 1992 quisque
884 1912 1015 1973 Vitellio
1047 1912 1147 1991 fidus,
1179 1913 1226 1973 ita
1257 1933 1372 1992 pacem
1403 1919 1435 1975 et

309 2008 512 2070 condiciones
534 2010 736 2087 abnuebant,
765 2010 939 2071 discrimen
961 2030 998 2071 ac
1019 2010 1157 2071 dedecus
1180 2015 1379 2072 ostentantes
1402 2016 1435 2072 et
1453 2023 1482 2077 15

308 2106 406 2167 fidem
433 2108 467 2167 in
488 2108 622 2169 libidine
644 2110 782 2170 victoris.
812 2111 874 2169 Nee
896 2118 1015 2169 tantam
1042 2110 1224 2187 Vespasiano
1244 2109 1433 2188 superbiam,

307 2212 340 2264 ut
364 2205 523 2283 priuatum
553 2207 704 2267 Vitelliam
720 2215 894 2285 pateretur:
916 2227 952 2267 ne
972 2208 1062 2267 uictos
1083 2207 1203 2284 quidem
1225 2207 1360 2281 laturos;
1386 2208 1435 2267 ita

303 2303 474 2380 perieulum
512 2324 544 2363 en
581 2305 797 2365 misericordia.
836 2306 945 2383 Ipsum
982 2323 1054 2364 sune
1091 2324 1186 2365 senem
1225 2312 1252 2363 et
1280 2306 1435 2383 prosperis

307 2400 495 2479 aduersisque
520 2402 687 2476 satiatum;
716 2402 766 2462 sed
793 2402 872 2479 quod
892 2422 1014 2479 nomen,
1044 2422 1130 2479 quem
1149 2410 1263 2463 statum
1279 2401 1348 2480 filio
1370 2404 1436 2463 eius

310 2498 485 2560 Germanico
507 2500 598 2577 fore?
625 2502 716 2561 Nunc
739 2501 904 2579 pecuniam
931 2509 957 2560 et
979 2500 1140 2578 familiam
1168 2509 1194 2561 et
1222 2500 1320 2561 beatus
1343 2502 1433 2562 Cam·
1451 2511 1485 2566 20

303 2597 420 2675 punine
449 2598 534 2658 sinus
559 2599 720 2676 promitti;
751 2598 801 2658 sed
831 2598 884 2659 ubi
914 2599 1077 2677 imperium
1114 2600 1316 2677 Vespasianus
1345 2600 1434 2660 lnca-

307 2694 392 2771 seril,
430 2715 492 2755 non
528 2696 604 2773 ipsi,
641 2716 702 2755 non
739 2697 845 2757 amieis
882 2697 959 2774 eius,
1001 2716 1061 2756 non
1099 2696 1225 2774 denique
1260 2697 1436 2758 exercitibus

306 2792 492 2852 securitatem
529 2794 591 2854 nisi
621 2794 747 2854 eatlncto
778 2795 961 2855 aemulatore
991 2795 1168 2854 redituram.
1207 2793 1339 2855 Fabium
1369 2795 1436 2856 illis

314 2889 481 2966 Valentem,
510 2892 662 2969 captivum
690 2899 717 2951 et
744 2891 859 2952 casibus
887 2891 985 2951 dubiis
1012 2899 1208 2967 resematum,
1233 2911 1437 2969 praepravem

303 2986 415 3065 fuisse,
437 2988 548 3048 nedum
568 2989 694 3049 Primus
714 3010 750 3049 ae
770 2990 884 3050 luscus
904 2998 930 3049 et
950 2990 1094 3067 specimen
1111 2989 1253 3068 partium
1267 2989 1437 3051 Mucianus
1453 3000 1488 3055 25

307 3086 404 3146 ullam
434 3087 469 3145 in
506 3087 660 3147 Vitellium
690 3088 751 3148 nisi
782 3088 934 3148 occidendi
963 3088 1115 3148 liemtium
1143 3087 1280 3148 labeant.
1313 3088 1387 3148 Non
1415 3109 1436 3147 n

310 3185 435 3244 Caesare
475 3185 667 3263 Pompeium,
710 3205 770 3246 non
808 3186 844 3244 ab
886 3186 1025 3263 Aupusto
1061 3180 1234 3245 Antonium
1272 3185 1436 3247 incolumes

342 3461 366 3513 2.
395 3479 471 3528 parce
498 3462 592 3513 iuuisse
619 3461 702 3512 Halm
729 3468 746 3526 p
774 3461 876 3512 quisse
889 3460 926 3531 lF
956 3477 1048 3527 parum
1073 3460 1169 3511 iuuisse
1193 3460 1331 3527 Biponlini
1356 3478 1436 3526 praes

305 3551 401 3602 iuuisse
419 3551 553 3602 Heinsius.
575 3580 607 3587 -
628 3550 652 3603 6.
671 3550 823 3616 ponensisq;
842 3551 865 3601 F
886 3580 918 3587 -
941 3551 981 3600 11.
1001 3566 1048 3615 pro
1061 3547 1064 3618 l
1078 3548 1149 3615 prior
1168 3549 1197 3600 F.
1220 3578 1251 3586 -
1274 3551 1314 3602 13.
1335 3549 1432 3620 uespal

307 3640 333 3690 ni
358 3641 388 3691 F.
417 3670 450 3677 —
478 3641 518 3693 16.
547 3639 703 3706 superbiam]
729 3639 870 3689 socordiam
893 3638 997 3689 Meiser.
1027 3669 1059 3675 -
1088 3640 1127 3690 17.
1157 3639 1242 3689 lauros
1267 3639 1298 3689 F.
1329 3668 1362 3675 —
1392 3638 1434 3692 18.

307 3736 367 3780 sani»
391 3736 451 3780 seni
476 3730 506 3780 F.
533 3759 565 3765 —
591 3727 633 3779 21.
660 3727 795 3793 promittis.
815 3735 841 3778 et
860 3727 891 3777 F.
918 3757 950 3764 -
970 3726 1012 3779 23.
1038 3727 1197 3778 aemulatore
1215 3727 1358 3778 redituram
1376 3729 1433 3779 cdd.

307 3837 371 3885 sep,
392 3818 466 3869 Mela
486 3820 628 3869 emulatore
646 3818 758 3868 dituram
779 3817 800 3867 F
820 3818 920 3867 aemulo
939 3817 1081 3867 redituram
1100 3816 1182 3867 Rlen.
1194 3816 1434 3868 aemulatureditu-

307 3925 362 3957 ram
385 3908 456 3975 Lips.
483 3938 515 3945 -
540 3907 583 3958 24.
612 3908 744 3973 captiuum
768 3915 793 3957 et
818 3905 918 3956 casibus
942 3905 1027 3955 dubiis
1051 3906 1105 3956 edd.
1131 3923 1181 3971 seq.
1201 3905 1288 3971 captiir
1306 3913 1332 3956 et
1350 3906 1434 3971 captis

306 3997 403 4047 diebus
433 4027 465 4034 -
491 3996 534 4049 ⁶25.
560 3996 698 4063 specimen]
723 3995 836 4061 regimen
864 3995 999 4061 Pluypers,
1025 4001 1096 4044 acute
1122 3995 1222 4061 queiclem
1240 3995 1284 4045 sed
1302 3994 1434 4060 specimen

308 4088 401 4135 ironice
419 4086 531 4151 positum
554 4085 656 4135 uidetur
678 4102 725 4150 pro
752 4084 809 4147 illo,
835 4084 863 4133 in
888 4101 960 4149 quem
979 4101 1061 4133 omncs
1080 4084 1164 4134 oeulos
1182 4083 1290 4134 intentos
1309 4082 1434 4134 latebam

306 4177 335 4242 cs.
354 4176 435 4241 Apul.
455 4174 516 4224 illel.
536 4175 585 4225 IV.
605 4173 647 4225 28.
667 4173 760 4224 saeculi
779 4173 908 4238 specimen
927 4172 1065 4238 gloriosum
1086 4190 1115 4216 =
1135 4172 1243 4237 Psyche.
