3409 4909
304 472 330 521 p.
351 453 398 505 Ch.
418 453 465 519 69)
646 468 874 512 arsnomaauu
896 451 939 511 Π.
962 450 1090 512 61-65.
1387 448 1426 510 85

304 643 369 699 set:
398 637 526 699 addidit
552 642 745 717 temptatam
773 637 956 715 cohortem,
984 657 1067 717 quae
1088 636 1197 698 Ostiae
1219 639 1339 713 ageret;
1368 654 1426 696 nec

304 737 382 798 ullis
420 741 587 798 tantorum
624 736 798 798 criminum
830 735 1089 815 probationibus,
1128 736 1162 795 in
1193 733 1427 813 paenitentiam

305 854 417 898 versus
453 854 557 896 seram
588 834 718 896 veniam
748 839 822 913 post
852 834 957 894 scelus
989 832 1171 911 quaerebat.
1212 832 1427 892 Cunctantem

305 951 402 1012 super
429 936 522 993 tanta
548 951 582 993 re
605 932 756 993 Flavium
777 931 936 992 Sabinum
958 931 1096 1007 Triaria,
1124 930 1159 990 L.
1185 928 1307 990 Vitellii
1328 946 1427 1004 uxor,

269 1029 393 1092 5ultra
420 1030 575 1090 feminam
602 1029 708 1106 ferox,
737 1029 867 1105 terruit,
896 1048 937 1089 ne
963 1028 1106 1107 periculo
1127 1028 1283 1107 principis
1304 1026 1426 1086 famam

306 1127 496 1189 clementiae
517 1127 700 1189 adfectaret.
723 1127 862 1189 Sabinus
884 1133 998 1207 suopte
1017 1127 1147 1204 ingenio
1168 1126 1273 1203 mitis,
1295 1124 1352 1185 ubi
1366 1124 1429 1185 for-

305 1225 395 1287 mido
419 1227 617 1303 incessisset,
646 1226 749 1287 facilis
772 1231 901 1288 mutatu
924 1230 956 1286 et
976 1227 1010 1285 iu
1032 1225 1137 1286 alieno
1159 1224 1344 1285 discrimine
1366 1221 1427 1283 sibi

305 1337 444 1404 pavens,
484 1343 524 1385 ne
563 1323 730 1385 adlevasse
761 1324 939 1402 videretur,
977 1323 1099 1403 inpulit
1129 1327 1285 1383 ruentem.
1324 1321 1428 1398 Igitur
1442 1320 1480 1381 64

306 1422 458 1483 Vitellius
479 1428 570 1483 metu
590 1427 623 1483 et
643 1421 734 1499 odio,
755 1413 843 1501 quod
866 1422 1066 1499 Petroniam,
1088 1440 1224 1482 uxorem
1242 1420 1327 1497 eius,
1350 1438 1428 1479 mox

253 1528 287 1582 10
305 1519 476 1581 Dolabella
496 1520 531 1580 in
552 1519 797 1581 matrimonium
820 1520 1009 1599 accepisset,
1032 1524 1184 1580 vocatum
1200 1537 1256 1597 per
1271 1515 1426 1595 epistulas

304 1618 409 1679 vitata
447 1617 626 1678 Flaminiae
663 1618 734 1679 viae
772 1616 956 1678 celebritate
994 1617 1157 1678 devertere
1190 1615 1427 1676 Interamnium

305 1722 403 1795 atque
437 1715 483 1776 ibi
514 1715 650 1777 interfici
682 1716 784 1776 iussit.
823 1716 971 1792 Longum
1002 1714 1199 1776 interfectori
1230 1714 1354 1775 visum:
1392 1712 1428 1771 in

305 1813 420 1875 itinere
448 1832 485 1874 ae
512 1813 645 1874 taberna
673 1813 854 1892 proiectum
882 1812 976 1874 humi
1002 1812 1178 1889 iugulavit,
1207 1831 1324 1890 magna
1353 1829 1428 1870 cum

304 1910 431 1972 invidia
457 1912 534 1973 novi
561 1911 778 1991 principatuS,
808 1911 900 1971 cuius
928 1911 989 1972 hoc
1017 1910 1160 1990 primum
1187 1910 1351 1989 specimen
1371 1927 1428 1969 no-

251 2019 285 2070 15
305 2009 463 2071 scebatur.
492 2010 535 2070 Et
555 2010 697 2070 Triariae
717 2008 883 2071 licentiam
905 2008 1089 2071 modestum
1111 2029 1127 2069 e
1148 2009 1298 2087 proximo
1320 2026 1427 2067 exem-

243 2156 246 2159 <
304 2107 399 2187 plum
429 2106 599 2183 onerabat,
638 2107 783 2184 Galeria,
821 2107 1025 2186 imperatoris
1056 2125 1154 2176 uxor,
1190 2126 1256 2167 non
1288 2105 1430 2165 inmixta

303 2205 468 2281 tristibus,
490 2210 522 2266 et
542 2206 614 2284 pari
635 2205 795 2283 probitate
816 2210 920 2265 mater
941 2205 1148 2266 Vitelliorum
1170 2204 1320 2280 Sextilia,
1347 2203 1429 2263 anti-

306 2302 363 2379 qui
391 2302 500 2362 moris.
530 2302 658 2363 Dixisse
686 2302 765 2381 quin
793 2302 891 2363 etiam
914 2302 956 2362 ad
977 2303 1097 2381 primas
1120 2302 1178 2362 filii
1200 2303 1250 2362 sui
1272 2300 1430 2380 epistulas

305 2399 468 2460 ferebatur
498 2419 564 2461 non
596 2400 825 2461 Germanicum
853 2420 873 2460 a
900 2420 949 2477 se,
983 2400 1038 2461 sed
1067 2401 1236 2461 Vitellium
1265 2399 1428 2477 genitum;

249 2504 287 2557 20
305 2517 365 2558 nec
391 2497 468 2559 'ullis
493 2502 606 2577 postea
632 2497 781 2559 fortunae
808 2498 977 2559 inlecebris
1006 2503 1063 2559 aut
1084 2499 1209 2559 ambitu
1232 2498 1372 2559 civitatis
1393 2497 1428 2557 in

305 2596 462 2673 gaudium
483 2596 603 2673 evicta,
624 2596 741 2657 domus
762 2616 840 2657 suae
861 2601 990 2657 tantum
1012 2598 1147 2658 adversa
1168 2597 1275 2657 sensit.

347 2694 535 2770 Digressum
561 2714 580 2753 a
601 2693 783 2771 Luguduno
805 2694 976 2755 Vitellium
998 2696 1133 2756 Cluvius
1155 2694 1258 2755 Rufus
1280 2694 1427 2774 adsequi·
1442 2693 1481 2754 65

306 2799 359 2851 tur
379 2792 499 2852 omissa
517 2792 694 2872 Hispania,
716 2792 873 2853 laetitiam
890 2798 921 2853 et
935 2793 1184 2870 gratulationem
1199 2792 1291 2854 voltu
1306 2793 1427 2866 ferens,

306 2888 416 2950 animo
437 2889 555 2950 anxius
570 2894 602 2950 et
617 2891 757 2969 petitum
773 2910 806 2951 se
820 2890 1100 2952 criminationibus
1115 2910 1242 2967 gnarus
1266 2890 1426 2967 Hilarius,

250 2992 286 3047 25
306 2986 451 3047 Caesaris
488 2986 639 3064 libertus,
679 2987 854 3065 detulerat,
893 2993 1062 3067 tamquam
1097 2987 1208 3049 audito
1242 2984 1365 3050 Vitellii
1396 2994 1428 3050 et

307 3083 445 3145 Othonis
466 3084 651 3163 principatu
671 3085 836 3164 propriam
857 3086 926 3165 ipse
947 3087 1126 3165 potentiam
1146 3091 1178 3147 et
1191 3088 1427 3166 possessionem

307 3181 543 3261 Hispaniarum
570 3187 761 3262 temptasset
781 3203 883 3263 eoque
905 3182 1138 3263 diplomatibus
1160 3184 1288 3245 nullum
1310 3186 1427 3265 prinoi-

305 3299 381 3359 pem
392 3280 648 3360 praescripsisset
655 3301 663 3358 ;
686 3282 756 3358 <et>
768 3281 1041 3361 interpretabatur
1052 3282 1212 3361 quaedam
1224 3302 1264 3343 ex
1276 3283 1427 3343 orationi·

305 3375 366 3437 bus
387 3376 456 3437 eius
478 3378 554 3455 <ut>
576 3378 810 3464 contumeliosa
830 3379 865 3438 in
887 3379 1057 3439 Vitellium
1073 3386 1104 3439 et
1118 3399 1176 3459 pro
1192 3399 1225 3440 se
1239 3380 1310 3458 ipso
1325 3398 1427 3458 popu·

249 3488 286 3542 30
305 3472 394 3534 laria.
416 3476 602 3536 Auctoritas
623 3476 731 3537 Cluvii
751 3477 949 3556 praevaluit,
978 3484 1016 3538 ut
1037 3478 1145 3557 puniri
1166 3476 1252 3538 ultro
1273 3477 1426 3537 libertum

306 3631 467 3640 —.

343 3720 365 3770 1.
385 3726 485 3785 teptata
502 3719 533 3770 F.
554 3749 587 3755 -
605 3719 688 3794 hostie
707 3720 736 3770 F.
757 3749 790 3757 -
810 3721 834 3772 3.
853 3728 990 3771 cunctante
1007 3723 1044 3786 sss
1056 3727 1234 3786 supenentare
1250 3718 1283 3770 Fl
1298 3719 1427 3785 (deletam

306 3820 360 3882 est).
386 3848 419 3855 —
445 3819 469 3871 5.
495 3818 538 3886 ne]
556 3835 578 3869 >e
596 3818 626 3869 F.
653 3848 686 3857 -
706 3820 730 3870 7.
756 3819 856 3869 alioeno
875 3818 906 3868 F.
930 3848 962 3855 —
984 3820 1024 3869 ll.
1044 3804 1092 3868 lut
1107 3818 1195 3867 amnir‘r
1212 3817 1426 3869 Flnteramnam

305 3907 443 3974 complures
460 3908 528 3958 editt.
548 3924 604 3957 eaor
621 3908 771 3958 Puteolano.
792 3936 825 3943 —
846 3908 887 3959 15.
907 3906 1008 3957 licentia
1027 3904 1069 3956 Fl.
1091 3936 1123 3943 —
1143 3905 1260 3957 modesti]
1279 3923 1320 3956 me
1330 3904 1372 3956 F1.
1393 3935 1426 3943 -

306 3996 347 4048 16.
372 3995 485 4046 inmixta
511 3995 619 4047 Gronov.
645 3994 759 4065 lnlmix
783 3996 813 4046 F.
841 4024 873 4031 —
898 3994 941 4045 22.
966 3994 1109 4060 ligunduno
1128 3995 1158 4045 F.
1186 4024 1215 4030 —
1237 3993 1344 4045 Cluvius
1362 3994 1425 4044 Ritt.

304 4084 343 4138 M.
367 4084 476 4138 Cluuius
493 4085 524 4137 F.
549 4114 582 4123 -
601 4084 644 4138 28.
671 4082 733 4154 <et>
754 4085 812 4135 add.
831 4084 943 4135 Ernesti.
969 4114 1002 4121 -
1022 4102 1054 4134 ex
1073 4084 1232 4135 orationibus
1250 4083 1332 4155 Rhea.
1352 4099 1426 4134 exor-

304 4174 428 4239 tationib3
447 4175 470 4225 F
489 4203 523 4212 —
542 4172 585 4227 29.
606 4171 672 4244 <ut>
692 4175 751 4225 cdd.
770 4174 851 4240 Nipp.
873 4202 905 4209 -
924 4172 983 4238 ipsu
1001 4171 1043 4224 Fl.
