3409 4909
283 494 309 542 p.
329 475 377 527 Ch.
397 476 444 541 69)
619 491 846 534 nrsronmnuu
868 472 930 533 ΙΙΙ.
954 473 1082 537 17-21.
1352 475 1409 539 117

287 662 529 723 Orenroaeaeiam
556 663 590 723 ia
617 664 688 723 siaa
709 663 932 742 praefectorum
953 664 1173 740 iepatoraoeqae
1189 661 1274 739 fore:
1303 681 1409 740 expap-

283 767 376 819 aatae
402 759 484 819 urbia
506 760 658 839 praedam
685 761 727 821 ad
753 760 899 837 militem,
928 760 1047 821 deditae
1075 759 1117 819 ad
1138 760 1224 820 daces
1240 758 1409 838 pertinere.²

284 856 488 935 spernuntur
519 857 721 918 centuriones
752 857 955 935 tribunique,
990 875 1026 917 ac
1055 876 1095 917 ne
1123 876 1189 918 vox
1216 857 1410 935 cuiusquam

284 954 451 1031 audiatur,
484 954 637 1033 quatiunt
664 974 769 1032 arma,
803 955 930 1033 rupturi
958 954 1148 1034 imperium,
1177 954 1212 1014 ni
1240 952 1408 1014 ducantur.

246 1052 370 1117 5Tum
398 1053 560 1113 Antonius
588 1053 732 1113 inserens
760 1071 793 1112 se
823 1052 1015 1130 manipulis,
1044 1051 1102 1112 ubi
1131 1056 1263 1130 aspectu
1294 1060 1326 1112 et
1354 1070 1409 1111 au·
1424 1052 1464 1114 20

284 1151 432 1211 ctoritate
469 1150 635 1214 silentium
671 1150 804 1227 fecerat,
843 1170 910 1211 non
941 1170 973 1211 se
1005 1149 1102 1211 decus
1134 1168 1238 1228 neque
1269 1149 1409 1228 pretium

284 1248 406 1328 eripere
432 1252 501 1309 tam
528 1249 610 1310 bene
631 1250 754 1310 meritis
775 1248 986 1326 adfirmabat,
1015 1248 1070 1309 sed
1093 1248 1197 1309 divisa
1218 1249 1302 1309 inter
1323 1268 1410 1309 exer·

284 1347 387 1407 citum
414 1346 576 1425 ducesque
597 1347 726 1407 munia:
754 1346 915 1407 militibus
937 1347 1125 1426 cupidinem
1147 1346 1314 1425 pugnandi
1336 1366 1410 1407 con-

284 1444 409 1520 venire,
443 1444 540 1504 duces
572 1444 772 1523 providendo
804 1445 1019 1506 consultando
1049 1444 1253 1505 cunctatione
1281 1444 1410 1521 saepius

232 1554 265 1608 10
283 1560 385 1620 quam
413 1542 594 1603 temeritate
622 1542 782 1621 prodesse.
813 1543 857 1602 Ut
885 1563 943 1622 pro
972 1542 1057 1604 virili
1085 1542 1232 1620 portione
1254 1541 1351 1601 armis
1373 1560 1410 1601 ac

283 1659 386 1699 manu
413 1640 583 1701 victoriam
610 1640 744 1717 iuverit,
773 1641 897 1701 ratione
927 1645 959 1700 et
980 1639 1129 1716 consilio,
1158 1639 1296 1717 propriis
1319 1638 1410 1699 ducis

284 1738 425 1815 artibus,
447 1738 663 1817 profuturum.
686 1740 798 1817 Neque
820 1740 907 1799 enim
929 1738 1081 1815 ambigua
1098 1756 1182 1814 esse,
1205 1756 1287 1816 quae
1303 1755 1410 1797 occur-

283 1819 373 1913 rant,
402 1842 530 1897 noctem
552 1842 584 1897 et
604 1837 731 1914 ignotae
753 1838 852 1897 situm
875 1836 980 1913 urbis,
1001 1837 1089 1896 intus
1111 1835 1219 1896 hostes
1241 1840 1273 1896 et
1294 1840 1411 1895 cuncta

283 1934 411 1994 insidiis
438 1939 629 2014 opportuna.
659 1935 748 2013 Non,
778 1935 804 1996 si
831 1939 965 2014 pateant
985 1939 1112 2013 portae,
1141 1933 1204 1993 nisi
1225 1932 1409 2012 explorato,

232 2044 263 2096 15
283 2032 348 2092 nisi
366 2031 433 2109 die,
455 2032 654 2093 intrandum.
677 2034 730 2093 An
744 2032 1020 2112 obpugnationem
1036 2031 1242 2092 inchoaturos
1258 2030 1410 2110 adempto

283 2129 375 2191 omni
402 2134 590 2209 prospectu,
619 2131 692 2209 quis
721 2150 843 2210 aequus
872 2130 978 2206 locus,
1008 2133 1132 2209 quanta
1159 2128 1298 2190 altitudo
1325 2148 1410 2189 moe-

283 2227 393 2304 nium,
414 2230 625 2289 tormentisne
646 2234 678 2289 et
699 2229 771 2289 telis
793 2249 836 2289 an
857 2228 1008 2308 operibus
1030 2234 1062 2289 et
1076 2228 1179 2289 vineis
1194 2226 1411 2304 adgredienda

283 2325 361 2386 urbs
389 2325 479 2387 foret.
508 2327 586 2387 Mox
615 2346 787 2388 conversus
816 2326 858 2386 ad
884 2325 1045 2403 singulae,
1072 2344 1154 2385 num
1175 2343 1300 2385 secures
1323 2323 1410 2385 dola-

282 2425 422 2503 brasque
454 2428 486 2485 et
517 2429 621 2485 cetera
652 2424 878 2503 expugnandis
906 2423 1041 2484 urbibus
1070 2442 1180 2483 secum
1209 2421 1409 2497 attulissent,

232 2530 264 2585 20
283 2521 459 2599 rogitabat,
489 2527 520 2583 et
548 2541 621 2583 oum
648 2522 826 2583 abnuerent
849 2522 1024 2598 Gladiisae,
1053 2520 1175 2599 inquit,
1205 2527 1232 2580 et
1251 2519 1325 2597 pilis
1341 2539 1410 2597 per*

271 2610 417 2697 ¹friaqere
444 2640 479 2679 oe
505 2620 642 2679 aremare
667 2640 768 2679 maroe
795 2620 877 2680 ailae
903 2638 1013 2679 martas
1036 2617 1185 2697 posucrat?
1214 2616 1248 2676 Si
1276 2636 1411 2694 appetem

283 2725 410 2791 atraere,
442 2717 470 2777 a·
497 2718 610 2803 plateis
637 2717 800 2778 cratibusve
824 2717 940 2795 protegi
968 2735 1078 2776 necesse
1101 2715 1216 2792 pacat,
1248 2722 1283 2774 at
1310 2715 1411 2791 colpus

284 2815 495 2893 inprovidam,
521 2816 624 2875 'inriti
658 2815 817 2891 stabimus,
857 2814 1053 2874 altitudinem
1087 2814 1219 2873 tacciam
1250 2820 1276 2872 et
1307 2812 1411 2871 aliena

283 2913 475 2973 munimenta
502 2913 670 2973 mirantes?
699 2912 781 2984 Quia
798 2913 901 2990 petiae
921 2932 1007 2972 mora
1028 2910 1122 2971 boetia
1142 2911 1250 2986 anias,
1281 2908 1411 2968 advectis

232 3023 264 3076 25
286 3010 440 3070 mimantis
472 3010 694 3087 machinisque,
732 3010 794 3070 aiat
831 3010 1045 3085 uictoriamque
1079 3007 1230 3067 uobiscum
1256 3004 1410 3082 ferimus?

285 3107 390 3169 Simul
410 3107 493 3168 lixas
515 3107 706 3186 calonesque
722 3126 796 3167 aum
811 3106 1039 3168 recentissimis
1055 3105 1202 3184 equitum
1217 3102 1409 3163 Bedriacum

284 3206 402 3283 mittit,
424 3206 532 3284 copias
555 3210 723 3284 ceteraque
744 3204 819 3265 usui
840 3204 1014 3264 adlaturos.

325 3303 365 3363 Id
394 3322 469 3364 vero
497 3322 588 3380 aegre
616 3302 772 3363 tolerante
796 3301 901 3362 milite
923 3319 1023 3380 prope
1044 3299 1236 3360 seditionem
1259 3302 1409 3372 ventum,
1425 3311 1462 3372 21

285 3419 359 3461 cum
384 3401 541 3479 progressi
563 3400 686 3479 equites
708 3399 768 3460 sub
790 3399 862 3477 ipsa
883 3397 1011 3458 moenia
1032 3415 1129 3473 vagos
1151 3415 1168 3456 e
1190 3394 1410 3456 Cremonensi-

232 3510 266 3564 30
284 3497 345 3559 bus
383 3499 577 3577 corripiunt,
617 3517 756 3577 quorum
793 3496 914 3557 indicio
953 3495 1096 3555 noscitur
1130 3512 1187 3554 sex
1219 3492 1410 3553 Vitellianas

320 3723 344 3772 4.
370 3721 523 3787 quatiuntur
541 3721 571 3771 F.
600 3750 631 3757 —
652 3721 676 3770 7.
702 3720 814 3785 eriperet
832 3736 865 3769 an
885 3720 907 3770 F
927 3719 965 3785 (ia
983 3737 1030 3785 atq.
1051 3736 1081 3768 m.
1101 3716 1117 3768 ‘2
1138 3717 1196 3767 add.
1216 3716 1288 3781 tam).
1315 3744 1347 3751 —
1370 3713 1409 3765 12.

284 3831 422 3914 occurrrint
440 3864 470 3914 F.
497 3892 532 3899 —
553 3863 593 3914 13.
619 3870 694 3912 nocte
712 3862 742 3911 F.
769 3891 802 3899 -
822 3868 927 3911 cunctas
945 3861 975 3911 F.
1000 3890 1032 3897 —
1054 3861 1095 3910 14.
1115 3867 1244 3924 oportuna
1263 3858 1293 3908 F.
1314 3886 1346 3893 -
1369 3858 1411 3908 17.

285 3951 368 4003 uineis
387 3952 564 4020 (nrachinau'rti
578 3949 580 4020 i
593 3968 655 4017 gen3
676 3950 708 4000 ad
727 3949 914 4016 expugnandos
933 3966 1020 3999 muros
1039 3948 1070 3998 In
1091 3947 1169 3997 modu
1187 3946 1272 3997 turriti
1290 3946 1359 3997 iactu
1378 3945 1413 4010 is)

284 4040 458 4107 adgredienda
477 4041 498 4091 F
518 4042 605 4108 (ee-aeos
624 4040 682 4089 ald.
703 4046 726 4089 et
744 4038 918 4105 superscripsit
937 4045 1012 4087 uacat
1030 4055 1062 4087 ut.
1082 4036 1118 4103 2).
1145 4066 1176 4073 -
1197 4035 1239 4088 26.
1259 4035 1314 4085 lixa
1332 4035 1416 4085 scalo—

283 4200 361 4248 nesq3
383 4212 415 4220 -
435 4181 478 4234 29.
498 4145 706 4248 egremonensib5
728 4181 758 4232 F.
