3409 4909
712 480 852 523 CORNELI
874 480 984 523 TACITl

626 1077 865 1162 counit!
893 1076 1073 1160 ΤΑΟΙΤΙ

507 1299 1194 1388 HISTORIARUM

689 1512 802 1563 LIBER
822 1512 1007 1575 QUARTUS.

329 1813 501 1874 Interfecto
530 1812 661 1875 Vitellio
684 1813 812 1874 'bellum
841 1814 943 1891 magis
973 1813 1110 1875 desierat
1134 1833 1234 1893 quam
1256 1833 1322 1893 pax
1344 1827 1410 1874 coe*

285 1915 388 1991 perat.
425 1911 551 1971 Armati
584 1931 639 1991 per
670 1911 784 1972 urbem
815 1912 952 1974 victores
983 1911 1173 1990 inplacabili
1203 1911 1278 1973 odio
1310 1912 1407 1972 victos

289 2008 557 2080 consectabantur
564 2030 571 2086 ;
601 2009 714 2088 plenae
742 2010 894 2071 caedibus
916 2010 1003 2087 viae,
1033 2014 1166 2071 cruenta
1187 2009 1256 2071 fora
1276 2010 1408 2089 templa·

289 2126 368 2186 que,
397 2107 518 2186 passim
539 2106 724 2181 trucidatis
748 2112 786 2167 ut
807 2126 969 2185 quemque
991 2106 1055 2167 fors
1076 2105 1238 2167 obtulerat
1245 2126 1253 2183 3
1276 2126 1314 2167 ac
1335 2125 1409 2167 mox

289 2210 478 2281 augescente
504 2204 636 2266 licentia
664 2205 799 2283 scrutari
828 2224 865 2265 ac
882 2200 1072 2283 ¹protrahere
1093 2202 1236 2281 abditos3
1266 2204 1293 2264 si
1315 2217 1434 2283 querna

288 2321 457 2381 procerum
480 2302 595 2363 habitu
616 2308 648 2364 et
669 2303 802 2363 iuventa
820 2306 1070 2381 conspexerant,
1093 2301 1301 2380 obtruncare,
1322 2300 1409 2362 nullo

288 2400 432 2461 militurn
471 2406 528 2461 aut
566 2400 679 2479 populi
711 2400 906 2462 discrimine.
943 2401 1033 2472 Quae
1065 2399 1200 2461 saevitia
1230 2400 1410 2461 recentibus

289 2497 371 2560 odiis
393 2499 548 2575 sanguine
569 2498 776 2577 explebatur,
805 2498 881 2559 dein
903 2503 1041 2559 verterat
1061 2499 1095 2558 in
1116 2497 1304 2559 avaritiam:
1330 2496 1411 2557 nihil

289 2615 428 2676 usquam
451 2602 609 2657 secretum
628 2601 685 2657 aut
700 2596 849 2657 clausum
864 2596 1028 2673 sinebant,
1052 2594 1242 2657 Vitellianos
1257 2594 1411 2656 occultari

289 2694 489 2755 simulantes.
528 2694 665 2755 Initium
695 2694 729 2754 id
762 2694 1061 2773 perfringendarum
1095 2692 1270 2769 domuum,
1303 2692 1356 2754 vel
1387 2692 1412 2752 si
1427 2698 1453 2754 10

288 2793 503 2870 resisteretur,
532 2811 629 2853 causa
657 2792 780 2869 caedis;
809 2812 869 2853 nec
898 2792 1007 2853 deerat
1028 2790 1253 2869 egentissimus
1275 2792 1413 2870 quisque

289 2910 306 2951 e
334 2890 427 2969 plebe
449 2896 480 2951 et
502 2890 633 2968 pessimi
654 2891 858 2952 servitiorum
881 2889 1015 2968 prodere
1036 2889 1121 2950 ultro
1143 2888 1225 2949 dites
1246 2887 1413 2965 dominos;

290 2989 345 3049 alii
374 2989 414 3048 ab
436 2989 548 3049 amicis
570 2988 843 3050 monstrabantur.
875 2989 1000 3068 Ubique
1022 2988 1166 3049 lamenta
1186 2988 1414 3049 conclamatio-

289 3105 345 3147 nes
367 3090 399 3147 et
420 3086 549 3147 fortuna
570 3091 683 3165 captae
705 3086 809 3163 urbm,
835 3085 915 3147 adeo
937 3091 974 3147 ut
989 3085 1165 3147 Othoniani
1180 3086 1414 3166 Vitellianique

290 3183 403 3243 militis
431 3183 591 3244 invidiosa
618 3188 713 3244 antea
739 3184 923 3261 petulantia
944 3182 1185 3243 desideraretur.
1215 3183 1321 3244 Duces
1344 3204 1416 3263 par·
1446 3186 1460 3237 1

289 3283 372 3342 tium
401 3281 606 3342 accendendo
635 3281 723 3343 civili
752 3281 837 3342 bello
867 3300 970 3358 acres,
1004 3279 1233 3359 temperandae
1260 3281 1416 3343 victoriae

289 3380 445 3458 impares:
477 3380 597 3458 qnippe
625 3379 709 3439 inter
736 3379 848 3439 turbas
878 3384 909 3439 et
938 3377 1112 3439 discordias
1134 3377 1276 3456 pessimo
1298 3379 1418 3457 cuique

257 3477 432 3557 2plurima
459 3478 524 3555 vis3
554 3497 620 3557 pax
647 3482 679 3538 et
708 3478 799 3556 quies
827 3477 921 3538 bonis
950 3476 1072 3537 artibus
1100 3474 1256 3553 indigent.
1288 3476 1419 3538 Nomen

290 3575 464 3653 sedemque
486 3575 629 3636 Caesaris
652 3575 859 3636 Domitianus
882 3578 1061 3653 acceperat,
1088 3573 1235 3635 nondum
1257 3574 1300 3634 ad
1321 3593 1419 3636 curas

290 3673 449 3750 intentus3
483 3672 539 3732 sed
571 3672 690 3751 stupris
720 3676 750 3733 et
779 3672 946 3733 adulteriis
974 3671 1077 3731 filium
1106 3670 1262 3750 principis
1290 3671 1415 3749 agebat.
1437 3674 1461 3731 a

1002 3895 1019 3927 n

325 3953 350 4001 4.
371 3951 423 4001 fors
441 3969 473 4001 aa
493 3949 509 4001 2
528 3951 556 4000 ia
575 3969 621 4018 inp.
642 3967 697 4001 sors
715 3950 745 3999 F.
767 3979 799 3986 -·
819 3952 843 4001 o.
863 3957 1031 4014 conspexerat
1047 3948 1077 3999 F.
1099 3947 1308 3999 -obtruncaret
1318 3947 1360 3999 Fl.
1381 3974 1409 3985 -

292 4093 332 4146 10.
359 4092 446 4142 domii.
474 4122 506 4129 -
528 4091 567 4143 12.
594 4091 710 4157 pessimis
729 4090 770 4141 ΡΙ.
797 4121 829 4128 -
852 4092 892 4143 13.
921 4038 1014 4141 ubil’rn
1032 4108 1079 4157 inq.
1100 4090 1176 4156 ubiq3
1197 4120 1230 4126 -
1251 4090 1293 4141 14.
1312 4091 1408 4141 fortuna

290 4183 345 4235 cdd.
365 4199 415 4248 seq.
436 4182 554 4231 [carinae
573 4181 603 4231 l‘.
625 4210 657 4217 -
680 4181 719 4231 lo.
740 4180 849 4231 accendo
869 4180 899 4231 F.
921 4181 1010 4231 -1ῖ,
1030 4179 1098 4229 inter
1120 4177 1315 4245 Wnrminch.
1329 4178 1406 4230 lano.
