3409 4909
228 483 260 534 p.
281 466 333 518 cn
354 466 400 532 69)
574 482 800 526 nrsronmnun
824 465 886 525 III.
908 464 1036 529 73—77.
1306 467 1364 540 149

234 650 403 732 stipendia
434 652 469 713 in
500 672 533 713 re
564 652 695 732 publica
725 652 860 729 fecerat,
895 651 985 714 domi
1016 652 1215 732 militiaeque
1247 652 1361 713 clarus.

236 751 467 812 Innocentiam
485 750 708 830 iustitiamque
723 751 791 811 eius
806 769 872 812 non
887 770 1048 828 argueres3
1071 752 1227 813 sermonis
1242 751 1363 812 nimius

237 854 325 910 erat:
354 848 388 909 id
415 867 519 909 unum
547 854 670 927 septem
695 848 805 926 annia,
834 848 953 927 quibus
974 849 1146 926 Moesiam,
1175 848 1362 924 duodecim,

238 945 362 1026 quibus
384 946 619 1025 praefecturam
639 945 728 1007 urbis
751 945 907 1022 obtinuit,
937 945 1153 1007 calumniatus
1175 953 1224 1007 est
1244 964 1362 1006 rumor.

197 1044 282 1105 51n
320 1043 384 1104 fine
421 1044 508 1105 vitae
545 1043 602 1104 alii
632 1062 777 1121 segnem,
816 1043 913 1104 multi
945 1043 1148 1105 moderatum
1181 1048 1212 1104 et
1243 1044 1363 1104 civium

238 1142 408 1218 sanguinis
435 1159 570 1220 parcum
598 1139 768 1202 credidere.
801 1141 896 1211 Quod
924 1141 1008 1201 inter
1036 1142 1140 1202 omnis
1169 1141 1363 1218 constiterit,

239 1244 318 1301 ante
345 1239 564 1319 principatum
593 1239 784 1318 Vespasiani
811 1237 909 1301 decus
937 1239 1054 1300 domus
1083 1258 1180 1318 penes
1207 1239 1364 1300 Sabinum

239 1342 320 1398 erat.
350 1336 489 1398 Caedem
517 1338 585 1399 eius
613 1337 732 1398 laet-am
760 1337 859 1398 fuisse
885 1337 1037 1398 Muciano
1059 1337 1257 1416 accepimus,
1288 1337 1364 1397 fere-

239 1435 323 1497 bant
350 1434 494 1514 plerique
522 1435 621 1496 etiam
648 1435 720 1514 paci
748 1434 935 1496 consultum
963 1436 1124 1514 dirempta
1148 1436 1364 1496 aemulatione

191 1541 220 1596 „0
239 1535 326 1596 inter
364 1533 462 1611 duos,
500 1553 639 1613 quorum
678 1533 759 1594 alter
797 1552 830 1594 se
865 1533 996 1595 fratrem
1028 1534 1246 1613 imperatoris,
1285 1534 1366 1595 alter

240 1636 425 1696 consortem
446 1631 574 1710 imperii
595 1631 756 1708 cogitaret.

282 1730 347 1791 Sed
368 1728 520 1791 Vitellius
541 1729 682 1790 consulis
703 1727 903 1807 supplicium
924 1729 1070 1807 poscenti
1091 1727 1212 1807 populo
1234 1728 1365 1803 restitit,

239 1828 392 1907 placatus
413 1846 450 1888 ac
471 1827 561 1887 velut
581 1827 685 1888 vicem
706 1826 859 1902 reddens,
882 1826 969 1904 quod
984 1824 1270 1903 interrogantibus,
1293 1823 1366 1902 quis

241 1924 443 2004 Capitolium
478 1923 687 2001 incendisset,
725 1943 758 1985 se
790 1943 881 1984 reum
914 1924 1041 1985 Atticus
1073 1922 1233 1983 obtulerat
1265 1939 1366 1998 eaque

190 2030 220 2084 [5
242 2022 461 2100 confessione,
488 2022 556 2083 sive
577 2027 691 2100 aptum
713 2021 851 2100 tempori
873 2020 1080 2082 mendacium
1102 2020 1179 2096 fuit,
1207 2017 1367 2080 invidiam

242 2120 432 2199 crimenque
452 2120 620 2197 agnovisse
637 2125 669 2180 et
684 2119 863 2198 apartibus
878 2118 1003 2179 Vitellii
1017 2116 1170 2179 amolitus
1185 2116 1365 2178 videbatur.

284 2217 395 2279 Isdem
423 2216 536 2278 diebus
564 2217 598 2277 L.
629 2216 778 2277 Vitellius
806 2216 920 2295 positis
949 2216 1037 2295 apud
1063 2214 1233 2276 Feroniam
1255 2214 1366 2275 castris
1381 2217 1420 2281 76

241 2314 372 2377 excidio
410 2314 600 2375 Tarracinae
638 2314 844 2392 imminebat,
884 2314 1002 2375 clausis
1038 2312 1104 2373 illic
1136 2311 1366 2390 gladiatoribus

241 2411 500 2492 remigibusque,
529 2412 585 2492 qui
613 2431 678 2472 non
705 2412 811 2490 egredi
839 2412 968 2473 moenia
996 2430 1100 2490 neque
1127 2410 1308 2490 periculum
1333 2409 1368 2468 in

190 2519 224 2576 20
243 2514 357 2591 aperto
378 2509 549 2571 audebant.
572 2510 736 2587 Praeerat,
758 2516 795 2571 ut
816 2529 914 2589 supra
928 2509 1197 2584 memoravimus,
1219 2507 1366 2568 Iulianus
1386 2522 1438 2573 111,
1458 2523 1500 2575 57,

242 2607 492 2687 gladiatoribus,
530 2607 729 2687 Apollinaris
766 2607 941 2684 remigibus
948 2656 955 2685 ,
994 2606 1128 2668 lascivia
1159 2603 1368 2683 socordiaque

243 2706 463 2785 gladiatorum
484 2706 586 2783 magis
608 2725 707 2785 quam
729 2704 850 2765 ducum
872 2704 1002 2764 similes.
1025 2704 1097 2764 Non
1119 2701 1245 2779 vigilias
1260 2720 1367 2778 agere,

243 2824 312 2866 non
333 2804 441 2865 intuta
461 2804 626 2864 moenium
648 2803 790 2862 firmare:
818 2806 918 2862 noctu
939 2799 1054 2879 dieque
1076 2799 1157 2860 fluxi
1179 2805 1211 2859 et
1231 2817 1369 2859 amoena

243 2902 380 2964 litorum
408 2905 631 2980 personantes,
660 2900 694 2960 in
722 2900 940 2960 ministerium
965 2898 1063 2958 luxus
1084 2896 1237 2975 dispersis
1259 2895 1369 2955 militi-

190 3008 226 3064 25
244 3000 323 3077 bus,
356 2998 396 3060 de
427 2997 513 3060 bello
543 3002 670 3058 tantum
700 2997 784 3058 inter
811 2996 960 3058 convivia
988 2995 1212 3073 loquebantur.
1246 2994 1369 3053 Paucos

245 3103 322 3159 ante
361 3095 428 3157 dies
467 3094 655 3155 discesserat
689 3094 828 3173 Apinius
859 3094 934 3154 Tiro
966 3092 1124 3172 donisque
1155 3112 1191 3153 ac
1224 3091 1369 3170 pecuniis

245 3193 359 3256 acerbe
397 3212 453 3273 per
491 3192 670 3271 municipia
708 3192 936 3270 conquirendis
975 3191 1049 3271 plus
1088 3189 1229 3253 invidiae
1270 3207 1368 3267 (pram

244 3293 367 3355 virium
399 3290 546 3371 partibus
578 3289 725 3352 addebat
758 3291 894 3351 Interim
926 3290 968 3350 ad
996 3290 1030 3349 L.
1059 3287 1228 3349 Vitellium
1258 3305 1368 3346 servus
1383 3293 1421 3356 77

245 3389 391 3467 Verginii
429 3388 596 3468 Capitonis
634 3389 788 3467 perfugit,
827 3388 1071 3466 pollicitusque,
1111 3386 1138 3446 si
1172 3383 1368 3463 praesidium

191 3498 227 3554 30
245 3487 422 3566 acciperet,
451 3504 588 3546 vacuam
615 3505 721 3546 arcem
742 3485 955 3562 traditurum,
984 3483 1089 3543 multa
1108 3487 1202 3542 nocte
1223 3480 1369 3542 cohortes

247 3686 411 3696 ...-.-—-

282 3827 309 3880 3.
338 3825 474 3876 duodecim
501 3826 524 3877 F
552 3833 649 3892 septem
677 3825 719 3875 acl
746 3826 852 3877 totidem
881 3824 1003 3891 Borghesi
1027 3824 1078 3891 (op.
1100 3822 1150 3872 111.
1172 3820 1234 3886 327)
1254 3829 1311 3871 octo
1329 3822 1371 3871 uel

245 3931 344 3968 nouem
365 3913 457 3965 Rittcr.
489 3943 519 3951 ·—
538 3914 563 3966 l).
592 3913 693 3979 direpta
713 3914 782 3979 Fas.
805 3912 907 3967 15220.
938 3943 971 3950 -
993 3914 1033 3965 lt.
1062 3911 1185 3976 temporis
1204 3908 1245 3960 Fl.
1276 3939 1308 3946 —
1331 3909 1370 3962 18.

245 4003 342 4057 terrani
355 4000 358 4071 1
371 4019 412 4073 ne.
432 4032 465 4039 —
484 4001 527 4053 21.
547 4003 680 4068 pollinaris
698 4003 729 4053 F.
750 4033 782 4040 -
796 4001 837 4054 23.
858 4002 954 4068 diuque
968 4001 1062 4052 Warm.
1083 4002 1111 4065 ef.
1132 4000 1168 4049 II.
1188 4000 1218 4061 ι’),
1238 3998 1308 4049 Ana.
1331 4000 1370 4051 15.

248 4092 298 4157 12,
320 4090 385 4144 Sall.
406 4091 463 4159 Iup.
483 4090 576 4155 3844,
596 4091 667 4142 Hiar.
687 4091 717 4142 ΙΙ
729 4093 765 4156 fr.
786 4090 827 4143 oi).
849 4120 880 4127 —
900 4089 942 4141 29.
963 4089 1082 4152 Verginii
1095 4088 1252 4138 Puteolanus
1265 4074 1338 4153 sigilii
1350 4088 1372 4138 F

247 4183 278 4245 cs.
302 4178 406 4233 15727.
427 4209 460 4218 —
480 4179 522 4233 30.
541 4179 698 4231 traditurum
718 4180 731 4229 b
750 4179 817 4229 tradi
835 4179 952 4229 futurum
970 4178 1000 4229 F.
