3409 4909
298 474 324 523 p.
345 456 392 507 Ch.
413 456 458 523 69)
647 441 875 516 ΗΙεΤοΒίΑΒυΜ
897 455 922 516 Ι.
947 455 1072 516 13-16.
1320 522 1322 526 ,
1402 457 1422 517 9

298 641 503 721 pratentibus
534 641 655 703 tlistior
685 641 875 704 habebatur.
911 644 960 704 Ea
991 663 1065 722 pars
1096 662 1224 704 morum
1256 644 1324 705 eius
1356 663 1421 723 quo

299 739 479 818 suspectior
500 738 662 816 sollicita,
684 738 853 819 adoptanti
875 739 1032 819 placebat.

338 837 444 914 Igitur
472 837 576 898 Galba
603 837 803 916 adprehensa
831 839 957 900 Pisonis
986 859 1087 900 uranu
1114 840 1148 899 in
1176 840 1263 900 huno
1285 839 1419 901 modum
1436 839 1475 900 15

297 934 428 996 locutus
456 935 565 996 fertur.
594 936 629 996 Si
657 944 683 996 le
703 936 845 1014 priuatus
867 937 926 1015 lepe
946 937 1065 997 curiata
1086 938 1171 1016 apud
1187 937 1358 1016 pontifices,
1387 946 1421 998 ut

264 1034 391 1096 bmoris
411 1041 467 1111 est,
490 1033 680 1111 adoptarem,
702 1042 728 1094 et
748 1033 827 1094 mibi
847 1035 996 1112 eprepium
1017 1043 1081 1095 erut
1105 1036 1159 1096 Cn.
1181 1036 1307 1114 Pompei
1328 1045 1354 1096 et
1375 1036 1419 1096 M.

301 1131 406 1191 Crassi
432 1130 559 1191 subolem
585 1132 619 1192 in
641 1140 766 1211 penates
792 1152 870 1192 meos
890 1133 1064 1210 adsciscere,
1092 1141 1119 1192 et
1141 1132 1195 1193 tibi
1215 1133 1333 1212 insipere
1353 1133 1421 1193 Sal-

293 1230 397 1308 piciae
428 1249 463 1289 ac
493 1230 638 1290 [attaliae
668 1231 771 1291 decora
799 1229 954 1291 nobilitati
982 1239 1051 1290 triae
1077 1230 1226 1291 adiecisse.
1258 1232 1349 1291 illicne
1375 1252 1423 1292 me

298 1328 422 1389 deorrm
449 1328 659 1407 bominumque
686 1349 826 1390 consensu
854 1330 896 1389 ad
922 1330 1083 1407 imperium
1107 1338 1243 1391 caeritum
1259 1330 1419 1408 praeclara

297 1426 414 1487 indoles
443 1434 496 1486 tua
523 1434 550 1487 et
576 1447 661 1488 amor
685 1428 807 1506 patriae
833 1428 974 1507 impulit,
1003 1436 1037 1488 ut
1053 1429 1279 1506 principatum,
1308 1428 1344 1488 de
1364 1448 1421 1505 acco

259 1534 280 1587 ‚0
297 1524 427 1585 maiores
446 1524 542 1585 nostri
562 1526 657 1587 armis
677 1526 844 1604 certabant,
866 1526 938 1587 bello
959 1525 1086 1605 adeptus
1106 1526 1266 1603 quiescenti
1280 1526 1419 1604 offeram,

298 1624 428 1702 exemplo
449 1622 514 1683 elici
533 1624 681 1702 Aupusti‚
710 1625 763 1702 qui
782 1625 892 1685 sororis
907 1624 1011 1703 filium
1032 1625 1225 1701 Marcellum,
1247 1624 1318 1685 dein
1337 1644 1421 1703 pene·

298 1741 366 1782 rum
386 1722 576 1800 Aprippam,
604 1742 671 1783 mou
691 1731 808 1802 nepmes
827 1743 910 1800 suos,
928 1731 1077 1801 postremo
1103 1722 1253 1783 Tiberium
1272 1724 1422 1783 Neronem

296 1818 475 1897 pricipium
501 1819 537 1879 in
558 1820 695 1898 prosimu
719 1820 776 1880 sibi
792 1820 922 1899 fastipio
943 1821 1102 1881 collocavit.
1131 1821 1190 1881 Sed
1209 1822 1365 1899 Aupustus
1385 1821 1422 1880 irc

299 1916 385 1978 amo
411 1935 599 1978 successorem
625 1918 786 1996 prmesiuit,
815 1938 864 1997 epo
892 1918 927 1977 in
954 1938 985 1978 re
1008 1918 1148 1996 publiea,
1177 1938 1239 1978 non
1259 1920 1332 1996 quia
1352 1939 1420 1997 pro·

259 2024 287 2076 15
300 2015 426 2093 pinques
453 2023 508 2075 aut
534 2015 624 2075 socias
650 2014 719 2076 belli
739 2035 800 2077 non
821 2016 946 2076 babeam
952 2038 964 2091 ;
992 2016 1043 2077 secl
1063 2036 1155 2093 neque
1175 2016 1238 2094 ipse
1257 2017 1421 2095 imperium

305 2111 461 2173 ambitione
481 2113 595 2192 accepi,
618 2122 644 2174 el
665 2113 775 2175 iudicii
795 2114 855 2174 mei
876 2114 1082 2175 documentum
1102 2114 1164 2174 sint
1181 2134 1242 2174 non
1256 2134 1338 2175 nicae
1354 2122 1419 2173 tan·

310 2218 366 2270 tum
390 2211 633 2289 rucessitadines,
665 2232 739 2290 quas
769 2212 822 2273 tibi
845 2213 1016 2292 postposui,
1045 2213 1096 2273 secl
1123 2221 1150 2273 et
1179 2222 1254 2273 tuae.
1283 2214 1338 2273 Est
1367 2212 1422 2272 tibi

308 2307 397 2382 ,trater
412 2309 489 2388 pari
509 2308 679 2388 nobilitate,
701 2318 778 2370 natu
797 2311 912 2388 maior,
935 2311 1045 2389 dipnus
1066 2310 1122 2370 liae
1138 2310 1284 2388 fortuna,
1306 2310 1368 2371 nisi
1388 2319 1422 2370 ta

312 2407 397 2482 potior
423 2428 502 2469 esses.
531 2409 580 2468 Ea
607 2394 690 2469 aetas
716 2417 783 2486 tua,
813 2429 889 2487 quae
909 2409 1098 2487 cupidirlates
1118 2408 1336 2469 adulescentiae
1356 2409 1421 2468 iam

276 2505 304 2560 ‘20
317 2502 453 2583 effuperit3
475 2526 511 2566 ea
531 2507 611 2584 uita,
633 2507 668 2566 in
689 2527 749 2585 qua
769 2506 851 2567 nibil
867 2507 1068 2585 praeteritum
1089 2506 1287 2567 causandum
1303 2506 1418 2566 labeas.

320 2598 468 2664 Fortunam
485 2603 584 2664 adbuc
599 2612 718 2681 tantum
732 2604 890 2664 aduersam
905 2604 1018 2664 tulisti:
1039 2603 1184 2664 semunciae
1197 2623 1242 2663 res
1256 2602 1422 2663 acrioribus

321 2698 431 2761 stimules
457 2702 575 2762 auiums
603 2703 773 2781 explorant,
802 2702 876 2779 quia
902 2702 1041 2762 miseriae
1068 2702 1247 2779 tolerantur,
1271 2700 1422 2778 felicitate

323 2800 526 2877 corrumpimur.
557 2799 664 2859 Fidem
693 2799 857 2859 libertatem
883 2800 1068 2878 amicitiam,
1096 2800 1264 2878 praecipua
1292 2799 1422 2859 humani
1499 2877 1502 2882 Ι

325 2892 402 2954 animi
420 2895 511 2974 bona,
537 2904 570 2981 tu
590 2896 710 2975 quidem
731 2882 833 2957 eadem
853 2898 1023 2958 constantia
1044 2896 1197 2971 retinebis,
1219 2897 1269 2958 sed
1289 2897 1348 2957 alii
1364 2917 1422 2975 per

259 2979 261 3058 ζ
286 2990 312 3045 25
325 2984 466 3069 obsequium
485 2994 674 3054 imminuent.
696 2994 854 3073 Inrumpet
868 2996 1008 3056 adulatio
1022 2995 1205 3073 blanditiae,
1228 2996 1309 3074 <et>,
1327 2995 1420 3073 pessi-

326 3100 388 3147 mun
399 3091 458 3151 ueri
471 3090 594 3169 affectus
606 3111 766 3169 uenenum,
787 3112 843 3153 sua
864 3094 967 3170 carique
980 3093 1108 3153 utilitas.
1123 3093 1230 3153 Etiam
1244 3093 1311 3172 <si>
1326 3112 1375 3171 epo
1386 3112 1422 3152 ac

328 3186 352 3239 lu
370 3186 580 3267 simplicissime
606 3189 686 3249 iuter
710 3208 763 3249 nos
784 3189 871 3250 bodie
892 3189 1059 3267 loquimur:
1088 3190 1174 3249 ceteri
1196 3188 1334 3250 libentius
1355 3208 1422 3248 crem

324 3275 426 3351 satana
461 3295 565 3347 nostra
603 3308 695 3365 quam
725 3287 884 3348 nobiseum.
915 3288 998 3347 Nam
1026 3287 1150 3347 suadere
1172 3287 1312 3365 principi
1343 3286 1422 3363 pasca

327 3389 447 3461 spartea,
475 3384 566 3445 multi
592 3384 717 3445 laboris:
745 3385 914 3445 adsentatio
935 3405 1006 3463 erpa
1026 3405 1233 3463 quemcumque
1249 3384 1421 3463 principem

289 3471 374 3536 nitu
396 3481 515 3559 adjectu
539 3483 708 3561 perapitur.
740 3482 776 3543 Si
802 3483 972 3544 inmensum
999 3483 1122 3562 imperii
1149 3501 1253 3561 corpus
1279 3490 1359 3541 stare
1386 3500 1421 3540 ac
1436 3488 1475 3548 16

274 3643 278 3652 Ι
328 3565 410 3637 lbere·
428 3579 491 3639 sine
511 3588 618 3665 rectore
633 3588 747 3659 posset,
774 3580 885 3658 dipuus
905 3600 1002 3657 eram,
1024 3600 1044 3639 a
1065 3600 1121 3657 pcto
1142 3578 1325 3657 respublica
1346 3577 1421 3637 inci-

324 3681 403 3744 pepp
426 3696 506 3738 nunc
527 3698 557 3738 eo
577 3678 760 3747 necessitatis
780 3679 844 3738 iam
861 3677 984 3757 pridem
1003 3687 1124 3738 ueritum
1145 3685 1201 3754 est,
1229 3685 1262 3736 ul
1283 3695 1335 3736 uec
1354 3695 1421 3735 mea

327 3804 459 3825 N—

354 3886 371 3937 5·
386 3890 427 3944 Cn.
445 3893 603 3944 Frsinsbeim
621 3911 690 3945 nunc
708 3895 737 3945 F.
759 3924 791 3932 -
813 3894 853 3947 16.
881 3894 933 3945 sint
950 3894 1056 3961 Lipsius
1075 3894 1107 3944 sit
1125 3893 1156 3944 F.
1176 3923 1210 3931 -
1231 3894 1272 3944 lt.
1291 3900 1328 3943 est
1348 3892 1420 3958 rrrlpo

327 3981 346 4020 0¹
359 3973 381 4028 F·
399 4009 427 4018 —
445 3981 488 4035 23.
508 3982 673 4049 praecipuam
692 3981 734 4034 Fl.
755 4014 788 4021 —
807 3982 850 4035 25.
873 3981 935 4053 (et)
956 3981 1366 4048 aelel.HalmcarnFreudeaberp.
1387 4011 1421 4018 —

327 4055 358 4112 26·
379 4066 456 4122 Etiam
486 4070 544 4142 (si)
573 4071 656 4122 Halm
683 4088 730 4123 sua
756 4071 849 4138 cuique
877 4072 954 4122 etiam
983 4071 1080 4121 utilitas
1107 4070 1203 4120 Maiscr
1230 4087 1248 4120 a.
1277 4087 1298 4120 c.
1324 4069 1423 4120 utilitas

327 4147 364 4200 θῐῑῖὶ
377 4154 402 4207 F.
419 4189 450 4198 —
469 4160 565 4212 etenim
580 4178 629 4228 pro
648 4160 726 4211 etiam
744 4160 876 4228 Apricola.
