3409 4909
309 460 378 519 224
639 456 643 462 ’
733 478 875 521 connum
896 478 1008 521 moiri
1082 526 1099 539 ἱ
1280 466 1314 533 (a.
1335 482 1360 517 u.
1380 464 1434 519 823

308 646 432 706 numine
452 654 632 725 capesserent
652 666 803 726 quiquam,
825 648 985 725 contraponi
1003 656 1168 726 pareatum
1184 649 1310 727 patriae
1326 635 1435 711 anemo

308 764 361 805 rea.
389 744 485 805 Itium
513 745 593 805 diem
620 754 674 804 atet
700 746 947 824 ploriosiaec'mum
974 746 1053 807 inter
1079 747 1207 807 maiores
1228 756 1284 808 cut
1304 748 1435 827 ipnomi·

307 845 427 904 uicerim
454 844 539 923 opud
562 852 692 922 posteros
716 844 791 921 fore.
821 844 886 905 Ubi
914 863 993 906 sono
1022 864 1187 906 armorum
1214 846 1435 927 tripudiisque

309 943 369 1020 (ita
406 941 471 1002 illis
502 944 586 1020 mos)
619 942 797 1022 approbata
828 948 904 1005 sunt
936 942 1038 1020 dicta,
1076 943 1163 1004 saxis
1185 943 1435 1024 ,glandibusque

309 1045 341 1101 et
386 1039 498 1100 ceteris
538 1039 716 1101 missilibus
757 1040 918 1119 proelium
958 1040 1128 1119 incipitur,
1176 1060 1281 1120 neque
1321 1048 1469 1105 nostroe

309 1137 412 1198 milite
433 1137 588 1216 paludem
609 1137 807 1213 ingrediente
829 1144 862 1199 et
883 1138 1067 1216 Germanis,
1090 1143 1127 1200 ut
1143 1138 1310 1216 elicerent,
1334 1139 1435 1201 laces

257 1233 295 1293 18
309 1236 462 1296 sentibus.
494 1235 701 1315 Absumptis,
733 1256 816 1316 quae
843 1236 1021 1315 iaciuntur,
1050 1242 1083 1297 et
1110 1236 1294 1299 ardescente
1323 1258 1434 1317 pugna

309 1353 498 1412 procursum
526 1333 567 1394 ab
595 1334 687 1395 hoste
711 1334 869 1395 infestius.
897 1334 1059 1395 Inmensis
1081 1326 1267 1413 corporibus
1289 1340 1321 1397 et
1342 1356 1434 1414 prae-

308 1431 412 1509 longis
440 1431 542 1492 hastis
570 1432 753 1492 fluitantem
774 1432 1003 1511 labantemque
1024 1432 1163 1493 militem
1184 1432 1311 1493 eminus
1333 1432 1434 1495 fodie-

308 1530 403 1606 bant;
431 1530 531 1590 simul
552 1549 569 1590 e
590 1529 691 1607 mole,
720 1549 819 1609 quam
841 1529 992 1591 eductam
1013 1531 1048 1591 in
1070 1530 1221 1592 Rhenum
1243 1530 1432 1607 retulimus,
1454 1543 1485 1597 10

310 1628 537 1689 Bructerorum
555 1646 676 1688 cuneus
690 1627 877 1689 tranatavit.
900 1628 1043 1689 Turbata
1057 1628 1103 1688 ibi
1117 1647 1182 1704 res,
1205 1632 1237 1688 et
1250 1627 1435 1707 pellebatur

309 1726 467 1787 sociarum
493 1725 676 1787 cohortium
696 1726 795 1802 acieS,
824 1745 899 1786 cum
921 1725 1061 1802 legiones
1082 1730 1226 1805 pugham
1247 1725 1433 1805 excipiunt,

308 1843 543 1903 suppressaque
564 1824 707 1884 hostium
730 1823 847 1885 ferocia
868 1823 1028 1902 proelium
1049 1829 1214 1902 aequatur.
1236 1823 1327 1885 Inter
1348 1843 1433 1903 quae

309 1922 442 2000 perfuga
468 1922 611 1983 Batavus
637 1921 717 1983 adiit
747 1921 920 1999 Cerialem,
948 1927 1036 1999 terga
1057 1918 1201 1982 hostium
1222 1921 1432 2000 promittens,

308 2020 336 2079 si
357 2028 500 2081 extremo
522 2018 651 2097 paludis
672 2038 770 2099 eques
792 2019 988 2080 mitteretur:
1012 2018 1154 2080 solidum
1171 2017 1243 2096 illa,
1265 2022 1298 2079 et
1313 2018 1434 2096 Guger-
1454 2036 1484 2087 15

309 2137 384 2194 nos,
406 2118 523 2197 quibus
545 2116 692 2178 custodia
712 2117 911 2192 obvenisset,
933 2136 1049 2195 parurn
1070 2116 1221 2177 intentos.
1248 2117 1341 2176 Duae
1363 2116 1433 2177 alae

309 2235 384 2276 cum
413 2214 544 2294 perfuga
572 2215 688 2275 missae
715 2215 847 2276 incauto
875 2214 961 2275 hosti
989 2213 1304 2275 circumfunduntur.
1336 2213 1433 2285 Quod

309 2314 366 2375 ubi
388 2313 527 2374 clamore
548 2314 729 2390 cognitum,
751 2312 890 2390 legiones
912 2333 931 2373 a
949 2312 1053 2374 fronte
1067 2312 1257 2391 incubuere,
1280 2313 1433 2393 pulsique
1464 2300 1466 2305 ⁵
1488 2319 1493 2323 '

311 2412 463 2472 Germani
491 2410 642 2471 Rhenum
670 2410 746 2487 fuga
773 2410 936 2489 petebant.
966 2409 1171 2471 Debellatum
1199 2429 1237 2471 eo
1258 2409 1311 2470 die
1332 2410 1432 2489 foret,

310 2509 338 2569 si
358 2509 505 2569 Romana
520 2508 630 2569 classis
645 2508 736 2587 sequi
753 2512 960 2585 maturasset;
983 2527 1023 2568 ne
1038 2527 1134 2587 eques
1149 2508 1280 2587 quidem
1296 2508 1432 2586 institit,
1451 2522 1485 2579 20

310 2612 440 2685 repente
461 2606 540 2667 fusis
561 2604 719 2666 imbribus
741 2610 773 2666 et
793 2606 976 2684 propinqua
997 2610 1099 2667 nocte.

258 2704 296 2765 19
350 2705 480 2764 Postera
501 2702 553 2763 dic
575 2708 689 2780 quarta
710 2702 836 2763 decima
857 2701 939 2779 legio
961 2703 995 2763 in
1017 2704 1214 2782 superiorem
1229 2703 1434 2783 provinciam

311 2802 404 2863 Gallo
435 2801 540 2862 Annio
567 2800 681 2877 missa3
708 2800 841 2861 Cerialis
863 2800 1040 2861 exercitum
1061 2800 1187 2861 decima
1207 2820 1247 2861 ex
1270 2800 1435 2880 Hispania

311 2901 392 2979 legio
413 2900 587 2979 supplevit.
609 2898 705 2960 Civili
726 2899 931 2960 Chaucorum
950 2898 1073 2959 auxilia
1087 2918 1211 2959 venere.
1233 2899 1307 2959 Non
1321 2903 1433 2961 tamen

311 3017 408 3060 ausus
436 2997 593 3076 oppidum
621 2998 819 3057 Batavorum
848 2996 946 3056 armis
974 2996 1072 3072 tueri,
1100 2997 1218 3075 raptis,
1247 3015 1330 3075 quae
1358 2997 1434 3059 ferri
1452 3012 1486 3067 25

311 3101 473 3176 poterant,
502 3095 614 3155 ceteris
641 3094 759 3155 iniecto
783 3094 866 3172 igni,
895 3094 929 3154 in
949 3086 1092 3155 insulam
1113 3095 1285 3173 concessit,
1313 3114 1434 3172 gnarus

311 3195 419 3255 deesse
446 3212 545 3254 naves
573 3191 740 3253 efficiendo
768 3192 877 3271 ponti,
905 3211 1010 3271 neque
1040 3191 1219 3253 exercitum
1246 3192 1431 3254 Romanum

311 3293 402 3354 aliter
430 3291 704 3352 transmissurum.
733 3289 820 3360 Quin
847 3295 880 3350 et
908 3290 1007 3351 diruit
1034 3289 1154 3350 molem
1182 3310 1201 3350 a
1229 3290 1334 3352 Druso
1357 3290 1434 3351 Ger·

311 3391 438 3451 uranico
459 3389 578 3450 factam
600 3388 816 3467 Rhenumque
837 3406 939 3467 prono
955 3387 1046 3448 alveo
1061 3387 1095 3447 in
1111 3386 1252 3448 Galliam
1266 3392 1417 3449 ruentem
1426 3438 1434 3468 ,

311 3488 467 3565 disiectis,
496 3506 578 3567 quae
607 3486 832 3561 morabantur,
861 3484 991 3546 effudit:
1020 3486 1065 3545 sic
1089 3485 1180 3546 velut
1201 3484 1315 3546 abacto
1336 3505 1435 3548 amne
1454 3503 1488 3558 30

1104 3753 1123 3803 li

349 3832 371 3880 1.
397 3836 540 3894 capesceret
558 3828 588 3878 F.
616 3858 648 3863 —
667 3828 692 3878 4.
718 3827 783 3893 mos]
803 3843 865 3876 mox
883 3826 914 3876 F.
941 3854 973 3862 -
993 3826 1017 3877 5.
1044 3824 1145 3888 missib3
1165 3824 1196 3875 F.
1217 3852 1250 3861 -
1269 3825 1293 3876 7.
1313 3824 1435 3892 absump

311 3919 375 3983 tisq;
394 3919 424 3969 F.
446 3948 478 3956 -
497 3918 522 3970 9.
542 3918 602 3968 astis
620 3918 651 3968 F.
671 3948 704 3954 —
726 3918 766 3968 11.
787 3915 937 3966 stranstauit
955 3916 978 3965 F
998 3916 1035 3982 (ia
1053 3933 1101 3981 mp.
1118 3913 1208 3979 trans).
1231 3914 1319 3965 -14,
1340 3913 1435 3978 batam

311 4008 342 4058 F.
369 4037 401 4045 -
423 4009 463 4060 15.
489 4007 663 4058 inmitteretur
681 4005 771 4056 Halm.
795 4034 828 4042 -
847 4005 984 4070 Gugernos
1002 4004 1033 4055 F.
1054 4033 1087 4042 -
1106 4002 1148 4055 23.
1169 4002 1256 4054 Annio
1274 4002 1437 4054 Puteolanus

312 4097 341 4163 cf.
367 4096 416 4147 IV.
442 4096 484 4149 68.
510 4094 624 4165 anilmo
643 4095 673 4146 F.
700 4124 733 4132 -
752 4093 794 4145 24.
820 4111 957 4145 caucorum
977 4094 1007 4144 F.
1034 4123 1067 4131 -
1085 4091 1127 4145 25.
1153 4091 1277 4159 oppidum
1295 4092 1317 4142 F
1336 4092 1436 4158 oppida

312 4186 366 4237 cdd.
387 4203 434 4252 scq.
453 4185 650 4236 Batauodurum
668 4184 740 4251 Lipe.
762 4214 795 4221 —
814 4182 857 4235 28.
876 4182 951 4233 diluit
970 4184 1000 4234 F.
1021 4213 1054 4220 —
1073 4180 1116 4235 29.
1136 4182 1204 4232 laeta
1222 4182 1253 4232 F.
