<?xml version="1.0" encoding="UTF-8"?>
<!DOCTYPE html PUBLIC "-//W3C//DTD XHTML 1.0 Transitional//EN"
    "http://www.w3.org/TR/xhtml1/DTD/xhtml1-transitional.dtd">
<html xmlns="http://www.w3.org/1999/xhtml" xml:lang="en" lang="en">
 <head>
  <title>
</title>
<meta http-equiv="Content-Type" content="text/html;charset=utf-8" />
  <meta name='ocr-system' content='tesseract 3.04.00' />
  <meta name='ocr-capabilities' content='ocr_page ocr_carea ocr_par ocr_line ocrx_word'/>
</head>
<body>
  <div class='ocr_page' id='page_1' title='image "./historiaecumfra00vliegoog_0229.png"; bbox 0 0 3409 4909; ppageno 0'>
   <div class='ocr_carea' id='block_1_1' title="bbox 285 468 1407 535">
    <p class='ocr_par' dir='ltr' id='par_1_1' title="bbox 285 468 1407 535">
     <span class='ocr_line' id='line_1_1' title="bbox 285 468 1407 535; baseline 0.012 -17"><span class='ocrx_word' id='word_1_1' title='bbox 285 485 311 535; x_wconf 87' lang='lat' dir='ltr'>p.</span> <span class='ocrx_word' id='word_1_2' title='bbox 331 468 378 519; x_wconf 80' lang='lat' dir='ltr'>Ch.</span> <span class='ocrx_word' id='word_1_3' title='bbox 398 469 443 535; x_wconf 71' lang='lat'>70)</span> <span class='ocrx_word' id='word_1_4' title='bbox 648 485 876 529; x_wconf 76' lang='lat' dir='ltr'>nrsroaraaun</span> <span class='ocrx_word' id='word_1_5' title='bbox 898 469 936 529; x_wconf 92' lang='lat' dir='ltr'>V.</span> <span class='ocrx_word' id='word_1_6' title='bbox 958 468 1045 531; x_wconf 82' lang='lat'><strong>2-5.</strong></span> <span class='ocrx_word' id='word_1_7' title='bbox 1348 470 1407 533; x_wconf 81' lang='lat'>215</span> 
     </span>
    </p>
   </div>
   <div class='ocr_carea' id='block_1_2' title="bbox 228 653 1498 3274">
    <p class='ocr_par' dir='ltr' id='par_1_2' title="bbox 228 653 1498 3274">
     <span class='ocr_line' id='line_1_2' title="bbox 285 653 1408 734; baseline 0.004 -21"><span class='ocrx_word' id='word_1_8' title='bbox 285 653 460 731; x_wconf 80' lang='lat' dir='ltr'>agrestium</span> <span class='ocrx_word' id='word_1_9' title='bbox 482 673 498 714; x_wconf 89' lang='lat' dir='ltr'>e</span> <span class='ocrx_word' id='word_1_10' title='bbox 519 658 617 733; x_wconf 87' lang='lat' dir='ltr'>pastu</span> <span class='ocrx_word' id='word_1_11' title='bbox 637 654 671 714; x_wconf 92' lang='lat' dir='ltr'>in</span> <span class='ocrx_word' id='word_1_12' title='bbox 692 674 807 733; x_wconf 84' lang='lat' dir='ltr'>rupem</span> <span class='ocrx_word' id='word_1_13' title='bbox 827 672 959 715; x_wconf 88' lang='lat' dir='ltr'>nemore</span> <span class='ocrx_word' id='word_1_14' title='bbox 976 674 1112 734; x_wconf 82' lang='lat' dir='ltr'>opacam</span> <span class='ocrx_word' id='word_1_15' title='bbox 1125 656 1298 717; x_wconf 84' lang='lat' dir='ltr'>concessit:</span> <span class='ocrx_word' id='word_1_16' title='bbox 1320 675 1408 717; x_wconf 91' lang='lat' dir='ltr'>secu·</span> 
     </span>
     <span class='ocr_line' id='line_1_3' title="bbox 232 739 1407 832; baseline 0.002 -21"><span class='ocrx_word' id='word_1_17' title='bbox 232 739 234 742; x_wconf 38' lang='lat'>¹</span> <span class='ocrx_word' id='word_1_18' title='bbox 285 755 337 811; x_wconf 90' lang='lat' dir='ltr'>tus</span> <span class='ocrx_word' id='word_1_19' title='bbox 369 750 497 830; x_wconf 85' lang='lat' dir='ltr'>Moyses</span> <span class='ocrx_word' id='word_1_20' title='bbox 528 751 712 813; x_wconf 86' lang='lat' dir='ltr'>coniectura</span> <span class='ocrx_word' id='word_1_21' title='bbox 743 751 870 813; x_wconf 87' lang='lat' dir='ltr'>herbidi</span> <span class='ocrx_word' id='word_1_22' title='bbox 901 751 962 812; x_wconf 88' lang='lat' dir='ltr'>soli</span> <span class='ocrx_word' id='word_1_23' title='bbox 989 751 1093 829; x_wconf 85' lang='lat' dir='ltr'>largas</span> <span class='ocrx_word' id='word_1_24' title='bbox 1121 771 1279 832; x_wconf 89' lang='lat' dir='ltr'>aquarum</span> <span class='ocrx_word' id='word_1_25' title='bbox 1307 771 1407 815; x_wconf 87' lang='lat' dir='ltr'>venas</span> 
     </span>
     <span class='ocr_line' id='line_1_4' title="bbox 286 848 1406 928; baseline 0.003 -20"><span class='ocrx_word' id='word_1_26' title='bbox 286 848 397 927; x_wconf 87' lang='lat' dir='ltr'>aperit.</span> <span class='ocrx_word' id='word_1_27' title='bbox 425 848 466 909; x_wconf 91' lang='lat' dir='ltr'>Id</span> <span class='ocrx_word' id='word_1_28' title='bbox 494 848 657 925; x_wconf 84' lang='lat' dir='ltr'>levamen3</span> <span class='ocrx_word' id='word_1_29' title='bbox 686 854 718 909; x_wconf 91' lang='lat' dir='ltr'>et</span> <span class='ocrx_word' id='word_1_30' title='bbox 745 849 937 911; x_wconf 90' lang='lat' dir='ltr'>continuum</span> <span class='ocrx_word' id='word_1_31' title='bbox 963 869 1020 910; x_wconf 87' lang='lat' dir='ltr'>sex</span> <span class='ocrx_word' id='word_1_32' title='bbox 1041 848 1168 911; x_wconf 91' lang='lat' dir='ltr'>dierum</span> <span class='ocrx_word' id='word_1_33' title='bbox 1188 850 1249 911; x_wconf 90' lang='lat' dir='ltr'>iter</span> <span class='ocrx_word' id='word_1_34' title='bbox 1269 851 1406 928; x_wconf 80' lang='lat' dir='ltr'>emensi,</span> 
     </span>
     <span class='ocr_line' id='line_1_5' title="bbox 285 945 1408 1027; baseline 0.002 -20"><span class='ocrx_word' id='word_1_35' title='bbox 285 945 423 1025; x_wconf 91' lang='lat' dir='ltr'>septimo</span> <span class='ocrx_word' id='word_1_36' title='bbox 451 945 553 1025; x_wconf 89' lang='lat' dir='ltr'>pulsis</span> <span class='ocrx_word' id='word_1_37' title='bbox 582 946 760 1009; x_wconf 90' lang='lat' dir='ltr'>cultoribus</span> <span class='ocrx_word' id='word_1_38' title='bbox 789 947 956 1009; x_wconf 74' lang='lat' dir='ltr'>obtinuere</span> <span class='ocrx_word' id='word_1_39' title='bbox 985 952 1101 1025; x_wconf 90' lang='lat' dir='ltr'>terras,</span> <span class='ocrx_word' id='word_1_40' title='bbox 1129 948 1163 1009; x_wconf 92' lang='lat' dir='ltr'>in</span> <span class='ocrx_word' id='word_1_41' title='bbox 1184 949 1257 1027; x_wconf 91' lang='lat' dir='ltr'>quis</span> <span class='ocrx_word' id='word_1_42' title='bbox 1279 948 1355 1009; x_wconf 91' lang='lat' dir='ltr'>urbs</span> <span class='ocrx_word' id='word_1_43' title='bbox 1376 953 1408 1009; x_wconf 90' lang='lat' dir='ltr'>et</span> 
     </span>
     <span class='ocr_line' id='line_1_6' title="bbox 248 1043 1498 1123; baseline -0.001 -15"><span class='ocrx_word' id='word_1_44' title='bbox 248 1044 446 1123; x_wconf 72' lang='lat' dir='ltr'>atemplum</span> <span class='ocrx_word' id='word_1_45' title='bbox 468 1043 583 1105; x_wconf 88' lang='lat' dir='ltr'>dicata.</span> <span class='ocrx_word' id='word_1_46' title='bbox 661 1086 663 1089; x_wconf 26' lang='grc' dir='ltr'><strong><em>ι</em></strong></span> <span class='ocrx_word' id='word_1_47' title='bbox 1493 1099 1498 1107; x_wconf 83' lang='grc'><em>,</em></span> 
     </span>
     <span class='ocr_line' id='line_1_7' title="bbox 287 1141 1441 1227; baseline 0.003 -25"><span class='ocrx_word' id='word_1_48' title='bbox 287 1222 290 1227; x_wconf 14' lang='lat' dir='ltr'><strong>j</strong></span> <span class='ocrx_word' id='word_1_49' title='bbox 325 1142 454 1221; x_wconf 83' lang='lat' dir='ltr'>Moyses</span> <span class='ocrx_word' id='word_1_50' title='bbox 489 1162 554 1221; x_wconf 91' lang='lat' dir='ltr'>quo</span> <span class='ocrx_word' id='word_1_51' title='bbox 590 1141 651 1203; x_wconf 89' lang='lat' dir='ltr'>sibi</span> <span class='ocrx_word' id='word_1_52' title='bbox 687 1142 721 1202; x_wconf 92' lang='lat' dir='ltr'>in</span> <span class='ocrx_word' id='word_1_53' title='bbox 756 1148 923 1222; x_wconf 89' lang='lat' dir='ltr'>posterum</span> <span class='ocrx_word' id='word_1_54' title='bbox 953 1146 1080 1220; x_wconf 84' lang='lat' dir='ltr'>gentem</span> <span class='ocrx_word' id='word_1_55' title='bbox 1112 1142 1270 1220; x_wconf 90' lang='lat' dir='ltr'>firmaret,</span> <span class='ocrx_word' id='word_1_56' title='bbox 1305 1148 1441 1208; x_wconf 85' lang='lat' dir='ltr'>novos4</span> 
     </span>
     <span class='ocr_line' id='line_1_8' title="bbox 285 1240 1407 1319; baseline 0.002 -20"><span class='ocrx_word' id='word_1_57' title='bbox 285 1240 366 1300; x_wconf 88' lang='lat' dir='ltr'>ritus</span> <span class='ocrx_word' id='word_1_58' title='bbox 394 1240 634 1319; x_wconf 89' lang='lat' dir='ltr'>contrariosque</span> <span class='ocrx_word' id='word_1_59' title='bbox 661 1241 774 1302; x_wconf 89' lang='lat' dir='ltr'>ceteris</span> <span class='ocrx_word' id='word_1_60' title='bbox 803 1240 996 1301; x_wconf 76' lang='lat' dir='ltr'>mortalibus</span> <span class='ocrx_word' id='word_1_61' title='bbox 1024 1240 1151 1301; x_wconf 89' lang='lat' dir='ltr'>indidit.</span> <span class='ocrx_word' id='word_1_62' title='bbox 1180 1241 1318 1302; x_wconf 87' lang='lat' dir='ltr'>Profana</span> <span class='ocrx_word' id='word_1_63' title='bbox 1339 1240 1407 1302; x_wconf 90' lang='lat' dir='ltr'>illic</span> 
     </span>
     <span class='ocr_line' id='line_1_9' title="bbox 285 1338 1406 1418; baseline 0.002 -21"><span class='ocrx_word' id='word_1_64' title='bbox 285 1338 410 1414; x_wconf 89' lang='lat' dir='ltr'>omnia,</span> <span class='ocrx_word' id='word_1_65' title='bbox 440 1356 522 1417; x_wconf 87' lang='lat' dir='ltr'>quae</span> <span class='ocrx_word' id='word_1_66' title='bbox 551 1338 638 1418; x_wconf 89' lang='lat' dir='ltr'>apud</span> <span class='ocrx_word' id='word_1_67' title='bbox 665 1358 724 1399; x_wconf 89' lang='lat' dir='ltr'>nos</span> <span class='ocrx_word' id='word_1_68' title='bbox 752 1358 857 1400; x_wconf 92' lang='lat' dir='ltr'>sacra:</span> <span class='ocrx_word' id='word_1_69' title='bbox 886 1358 1014 1399; x_wconf 85' lang='lat' dir='ltr'>rursum</span> <span class='ocrx_word' id='word_1_70' title='bbox 1039 1358 1189 1400; x_wconf 89' lang='lat' dir='ltr'>concessa</span> <span class='ocrx_word' id='word_1_71' title='bbox 1209 1339 1298 1418; x_wconf 87' lang='lat' dir='ltr'>apud</span> <span class='ocrx_word' id='word_1_72' title='bbox 1319 1338 1406 1416; x_wconf 82' lang='lat' dir='ltr'>illos,</span> 
     </span>
     <span class='ocr_line' id='line_1_10' title="bbox 285 1435 1407 1516; baseline 0.002 -21"><span class='ocrx_word' id='word_1_73' title='bbox 285 1455 368 1515; x_wconf 89' lang='lat' dir='ltr'>quae</span> <span class='ocrx_word' id='word_1_74' title='bbox 389 1435 482 1497; x_wconf 89' lang='lat' dir='ltr'>nobis</span> <span class='ocrx_word' id='word_1_75' title='bbox 503 1436 634 1497; x_wconf 89' lang='lat' dir='ltr'>incesta.</span> <span class='ocrx_word' id='word_1_76' title='bbox 658 1436 806 1513; x_wconf 83' lang='lat' dir='ltr'>Effigiem</span> <span class='ocrx_word' id='word_1_77' title='bbox 827 1435 994 1513; x_wconf 84' lang='lat' dir='ltr'>animalis,</span> <span class='ocrx_word' id='word_1_78' title='bbox 1016 1456 1081 1516; x_wconf 91' lang='lat' dir='ltr'>quo</span> <span class='ocrx_word' id='word_1_79' title='bbox 1104 1442 1305 1498; x_wconf 85' lang='lat' dir='ltr'>monstrante</span> <span class='ocrx_word' id='word_1_80' title='bbox 1326 1456 1407 1498; x_wconf 90' lang='lat' dir='ltr'>erro·</span> 
     </span>
     <span class='ocr_line' id='line_1_11' title="bbox 230 1533 1407 1613; baseline -0.001 -17"><span class='ocrx_word' id='word_1_81' title='bbox 230 1544 267 1598; x_wconf 92' lang='grc'>10</span> <span class='ocrx_word' id='word_1_82' title='bbox 285 1553 353 1594; x_wconf 91' lang='lat' dir='ltr'>rem</span> <span class='ocrx_word' id='word_1_83' title='bbox 382 1534 534 1613; x_wconf 87' lang='lat' dir='ltr'>sitimque</span> <span class='ocrx_word' id='word_1_84' title='bbox 562 1533 768 1613; x_wconf 87' lang='lat' dir='ltr'>depulerant,</span> <span class='ocrx_word' id='word_1_85' title='bbox 799 1534 957 1613; x_wconf 89' lang='lat' dir='ltr'>penetrali</span> <span class='ocrx_word' id='word_1_86' title='bbox 985 1554 1162 1612; x_wconf 80' lang='lat' dir='ltr'>sacravere,</span> <span class='ocrx_word' id='word_1_87' title='bbox 1190 1554 1282 1596; x_wconf 91' lang='lat' dir='ltr'>caeso</span> <span class='ocrx_word' id='word_1_88' title='bbox 1310 1534 1407 1596; x_wconf 90' lang='lat' dir='ltr'>ariete</span> 
     </span>
     <span class='ocr_line' id='line_1_12' title="bbox 285 1631 1406 1711; baseline 0.001 -19"><span class='ocrx_word' id='word_1_89' title='bbox 285 1631 375 1694; x_wconf 91' lang='lat' dir='ltr'>velut</span> <span class='ocrx_word' id='word_1_90' title='bbox 406 1632 441 1692; x_wconf 92' lang='lat' dir='ltr'>in</span> <span class='ocrx_word' id='word_1_91' title='bbox 469 1632 699 1692; x_wconf 87' lang='lat' dir='ltr'>contumeliam</span> <span class='ocrx_word' id='word_1_92' title='bbox 727 1632 933 1693; x_wconf 87' lang='lat' dir='ltr'>Hammonis.</span> <span class='ocrx_word' id='word_1_93' title='bbox 965 1632 1028 1694; x_wconf 87' lang='lat' dir='ltr'>Bos</span> <span class='ocrx_word' id='word_1_94' title='bbox 1056 1651 1184 1711; x_wconf 91' lang='lat' dir='ltr'>quoque</span> <span class='ocrx_word' id='word_1_95' title='bbox 1214 1632 1406 1709; x_wconf 82' lang='lat' dir='ltr'>inmolatur,</span> 
     </span>
     <span class='ocr_line' id='line_1_13' title="bbox 286 1729 1406 1809; baseline 0.001 -19"><span class='ocrx_word' id='word_1_96' title='bbox 286 1729 441 1807; x_wconf 89' lang='lat' dir='ltr'>quoniam</span> <span class='ocrx_word' id='word_1_97' title='bbox 456 1730 608 1809; x_wconf 86' lang='lat' dir='ltr'>Aegyptii</span> <span class='ocrx_word' id='word_1_98' title='bbox 623 1730 710 1809; x_wconf 90' lang='lat' dir='ltr'>Apin</span> <span class='ocrx_word' id='word_1_99' title='bbox 724 1730 844 1792; x_wconf 89' lang='lat' dir='ltr'>colunt.</span> <span class='ocrx_word' id='word_1_100' title='bbox 867 1729 929 1791; x_wconf 83' lang='lat' dir='ltr'>Sue</span> <span class='ocrx_word' id='word_1_101' title='bbox 944 1730 1107 1791; x_wconf 90' lang='lat' dir='ltr'>abstinent</span> <span class='ocrx_word' id='word_1_102' title='bbox 1121 1730 1276 1792; x_wconf 90' lang='lat' dir='ltr'>memoria</span> <span class='ocrx_word' id='word_1_103' title='bbox 1291 1729 1406 1807; x_wconf 88' lang='lat' dir='ltr'>cladis,</span> 
     </span>
     <span class='ocr_line' id='line_1_14' title="bbox 285 1826 1408 1908; baseline 0.001 -21"><span class='ocrx_word' id='word_1_104' title='bbox 285 1826 373 1905; x_wconf 91' lang='lat' dir='ltr'>quod</span> <span class='ocrx_word' id='word_1_105' title='bbox 410 1828 498 1906; x_wconf 88' lang='lat' dir='ltr'>ipsos</span> <span class='ocrx_word' id='word_1_106' title='bbox 536 1828 658 1889; x_wconf 84' lang='lat' dir='ltr'>scabies</span> <span class='ocrx_word' id='word_1_107' title='bbox 696 1828 862 1907; x_wconf 89' lang='lat' dir='ltr'>quondam</span> <span class='ocrx_word' id='word_1_108' title='bbox 896 1833 1099 1908; x_wconf 85' lang='lat' dir='ltr'>turpaverat,</span> <span class='ocrx_word' id='word_1_109' title='bbox 1137 1828 1189 1889; x_wconf 90' lang='lat' dir='ltr'>cui</span> <span class='ocrx_word' id='word_1_110' title='bbox 1219 1827 1253 1888; x_wconf 90' lang='lat' dir='ltr'>id</span> <span class='ocrx_word' id='word_1_111' title='bbox 1285 1827 1408 1889; x_wconf 88' lang='lat' dir='ltr'>animal</span> 
     </span>
     <span class='ocr_line' id='line_1_15' title="bbox 285 1924 1408 2002; baseline -0.001 -17"><span class='ocrx_word' id='word_1_112' title='bbox 285 1924 474 1985; x_wconf 86' lang='lat' dir='ltr'>obnoxium.</span> <span class='ocrx_word' id='word_1_113' title='bbox 497 1925 641 2002; x_wconf 86' lang='lat' dir='ltr'>Longam</span> <span class='ocrx_word' id='word_1_114' title='bbox 662 1924 738 1986; x_wconf 91' lang='lat' dir='ltr'>olim</span> <span class='ocrx_word' id='word_1_115' title='bbox 762 1925 883 1986; x_wconf 89' lang='lat' dir='ltr'>famem</span> <span class='ocrx_word' id='word_1_116' title='bbox 904 1925 1021 1987; x_wconf 90' lang='lat' dir='ltr'>crebris</span> <span class='ocrx_word' id='word_1_117' title='bbox 1042 1924 1149 1987; x_wconf 90' lang='lat' dir='ltr'>adhuc</span> <span class='ocrx_word' id='word_1_118' title='bbox 1163 1924 1291 1986; x_wconf 87' lang='lat' dir='ltr'>ieiuniis</span> <span class='ocrx_word' id='word_1_119' title='bbox 1307 1924 1408 1985; x_wconf 86' lang='lat' dir='ltr'>faten-</span> 
     </span>
     <span class='ocr_line' id='line_1_16' title="bbox 231 2021 1406 2102; baseline -0.002 -17"><span class='ocrx_word' id='word_1_120' title='bbox 231 2035 267 2087; x_wconf 85' lang='lat'>15</span> <span class='ocrx_word' id='word_1_121' title='bbox 286 2027 354 2098; x_wconf 91' lang='lat' dir='ltr'>tur;</span> <span class='ocrx_word' id='word_1_122' title='bbox 384 2027 415 2083; x_wconf 89' lang='lat' dir='ltr'>et</span> <span class='ocrx_word' id='word_1_123' title='bbox 440 2028 607 2101; x_wconf 90' lang='lat' dir='ltr'>raptarum</span> <span class='ocrx_word' id='word_1_124' title='bbox 628 2022 756 2100; x_wconf 85' lang='lat' dir='ltr'>frugum</span> <span class='ocrx_word' id='word_1_125' title='bbox 779 2030 1006 2099; x_wconf 89' lang='lat' dir='ltr'>argumentum</span> <span class='ocrx_word' id='word_1_126' title='bbox 1028 2023 1121 2102; x_wconf 92' lang='lat' dir='ltr'>panis</span> <span class='ocrx_word' id='word_1_127' title='bbox 1142 2023 1295 2084; x_wconf 88' lang='lat' dir='ltr'>Iudaicus</span> <span class='ocrx_word' id='word_1_128' title='bbox 1316 2021 1406 2083; x_wconf 91' lang='lat' dir='ltr'>nullo</span> 
     </span>
     <span class='ocr_line' id='line_1_17' title="bbox 285 2120 1407 2201; baseline 0.002 -22"><span class='ocrx_word' id='word_1_129' title='bbox 285 2120 443 2182; x_wconf 81' lang='lat' dir='ltr'>fermento</span> <span class='ocrx_word' id='word_1_130' title='bbox 467 2120 637 2181; x_wconf 90' lang='lat' dir='ltr'>detinetur.</span> <span class='ocrx_word' id='word_1_131' title='bbox 659 2120 803 2199; x_wconf 91' lang='lat' dir='ltr'>Septimo</span> <span class='ocrx_word' id='word_1_132' title='bbox 825 2120 877 2182; x_wconf 90' lang='lat' dir='ltr'>die</span> <span class='ocrx_word' id='word_1_133' title='bbox 895 2121 1002 2182; x_wconf 85' lang='lat' dir='ltr'>otium</span> <span class='ocrx_word' id='word_1_134' title='bbox 1013 2121 1172 2201; x_wconf 86' lang='lat' dir='ltr'>placuisse</span> <span class='ocrx_word' id='word_1_135' title='bbox 1186 2121 1309 2198; x_wconf 89' lang='lat' dir='ltr'>ferunt,</span> <span class='ocrx_word' id='word_1_136' title='bbox 1330 2120 1407 2200; x_wconf 91' lang='lat' dir='ltr'>quia</span> 
     </span>
     <span class='ocr_line' id='line_1_18' title="bbox 248 2217 1407 2298; baseline 0.002 -22"><span class='ocrx_word' id='word_1_137' title='bbox 248 2245 256 2275; x_wconf 77' lang='lat' dir='ltr'>t</span> <span class='ocrx_word' id='word_1_138' title='bbox 285 2217 312 2277; x_wconf 88' lang='lat' dir='ltr'>is</span> <span class='ocrx_word' id='word_1_139' title='bbox 341 2217 439 2278; x_wconf 90' lang='lat' dir='ltr'>finem</span> <span class='ocrx_word' id='word_1_140' title='bbox 467 2218 615 2279; x_wconf 87' lang='lat' dir='ltr'>laborum</span> <span class='ocrx_word' id='word_1_141' title='bbox 637 2218 748 2279; x_wconf 91' lang='lat' dir='ltr'>tulerit</span> <span class='ocrx_word' id='word_1_142' title='bbox 755 2239 763 2296; x_wconf 79' lang='lat'><em>3</em></span> <span class='ocrx_word' id='word_1_143' title='bbox 792 2218 867 2279; x_wconf 91' lang='lat' dir='ltr'>dein</span> <span class='ocrx_word' id='word_1_144' title='bbox 888 2218 1074 2280; x_wconf 89' lang='lat' dir='ltr'>blandiente</span> <span class='ocrx_word' id='word_1_145' title='bbox 1095 2218 1211 2280; x_wconf 89' lang='lat' dir='ltr'>inertia</span> <span class='ocrx_word' id='word_1_146' title='bbox 1231 2219 1407 2298; x_wconf 89' lang='lat' dir='ltr'>septimum</span> 
     </span>
     <span class='ocr_line' id='line_1_19' title="bbox 284 2315 1407 2395; baseline 0.001 -20"><span class='ocrx_word' id='word_1_147' title='bbox 284 2335 415 2395; x_wconf 91' lang='lat' dir='ltr'>quoque</span> <span class='ocrx_word' id='word_1_148' title='bbox 443 2335 566 2377; x_wconf 91' lang='lat' dir='ltr'>annum</span> <span class='ocrx_word' id='word_1_149' title='bbox 588 2316 736 2393; x_wconf 90' lang='lat' dir='ltr'>ignaviae</span> <span class='ocrx_word' id='word_1_150' title='bbox 757 2315 879 2377; x_wconf 90' lang='lat' dir='ltr'>datum.</span> <span class='ocrx_word' id='word_1_151' title='bbox 910 2315 975 2376; x_wconf 90' lang='lat' dir='ltr'>Alii</span> <span class='ocrx_word' id='word_1_152' title='bbox 996 2316 1152 2377; x_wconf 91' lang='lat' dir='ltr'>honorem</span> <span class='ocrx_word' id='word_1_153' title='bbox 1173 2336 1248 2377; x_wconf 90' lang='lat' dir='ltr'>eum</span> <span class='ocrx_word' id='word_1_154' title='bbox 1268 2316 1407 2377; x_wconf 85' lang='lat' dir='ltr'>Saturno</span> 
     </span>
     <span class='ocr_line' id='line_1_20' title="bbox 255 2412 1406 2493; baseline -0.004 -16"><span class='ocrx_word' id='word_1_155' title='bbox 255 2450 259 2477; x_wconf 80' lang='lat' dir='ltr'>t</span> <span class='ocrx_word' id='word_1_156' title='bbox 285 2413 412 2491; x_wconf 90' lang='lat' dir='ltr'>haberi,</span> <span class='ocrx_word' id='word_1_157' title='bbox 434 2433 492 2474; x_wconf 88' lang='lat' dir='ltr'>seu</span> <span class='ocrx_word' id='word_1_158' title='bbox 512 2414 673 2493; x_wconf 91' lang='lat' dir='ltr'>principia</span> <span class='ocrx_word' id='word_1_159' title='bbox 693 2413 856 2490; x_wconf 89' lang='lat' dir='ltr'>religionis</span> <span class='ocrx_word' id='word_1_160' title='bbox 876 2412 1078 2474; x_wconf 89' lang='lat' dir='ltr'>tradentibus</span> <span class='ocrx_word' id='word_1_161' title='bbox 1092 2413 1214 2490; x_wconf 83' lang='lat' dir='ltr'>Idaeis,</span> <span class='ocrx_word' id='word_1_162' title='bbox 1236 2432 1406 2492; x_wconf 91' lang='lat' dir='ltr'>quoscum</span> 
     </span>
     <span class='ocr_line' id='line_1_21' title="bbox 228 2509 1407 2591; baseline -0.004 -15"><span class='ocrx_word' id='word_1_163' title='bbox 228 2521 268 2576; x_wconf 87' lang='lat'>20</span> <span class='ocrx_word' id='word_1_164' title='bbox 285 2511 424 2573; x_wconf 85' lang='lat' dir='ltr'>Saturno</span> <span class='ocrx_word' id='word_1_165' title='bbox 446 2511 557 2591; x_wconf 89' lang='lat' dir='ltr'>pulsos</span> <span class='ocrx_word' id='word_1_166' title='bbox 578 2515 611 2572; x_wconf 88' lang='lat' dir='ltr'>et</span> <span class='ocrx_word' id='word_1_167' title='bbox 631 2510 811 2572; x_wconf 90' lang='lat' dir='ltr'>conditores</span> <span class='ocrx_word' id='word_1_168' title='bbox 832 2511 935 2588; x_wconf 89' lang='lat' dir='ltr'>gentis</span> <span class='ocrx_word' id='word_1_169' title='bbox 957 2510 1156 2589; x_wconf 87' lang='lat' dir='ltr'>accepimus,</span> <span class='ocrx_word' id='word_1_170' title='bbox 1181 2530 1237 2571; x_wconf 88' lang='lat' dir='ltr'>seu</span> <span class='ocrx_word' id='word_1_171' title='bbox 1259 2509 1347 2589; x_wconf 92' lang='lat' dir='ltr'>quod</span> <span class='ocrx_word' id='word_1_172' title='bbox 1367 2509 1407 2571; x_wconf 89' lang='lat' dir='ltr'>de</span> 
     </span>
     <span class='ocr_line' id='line_1_22' title="bbox 286 2607 1407 2689; baseline -0.002 -20"><span class='ocrx_word' id='word_1_173' title='bbox 286 2615 409 2687; x_wconf 91' lang='lat' dir='ltr'>septem</span> <span class='ocrx_word' id='word_1_174' title='bbox 435 2608 609 2687; x_wconf 88' lang='lat' dir='ltr'>sideribus,</span> <span class='ocrx_word' id='word_1_175' title='bbox 638 2609 711 2689; x_wconf 88' lang='lat' dir='ltr'>quis</span> <span class='ocrx_word' id='word_1_176' title='bbox 732 2609 884 2670; x_wconf 88' lang='lat' dir='ltr'>mortales</span> <span class='ocrx_word' id='word_1_177' title='bbox 905 2613 1072 2686; x_wconf 86' lang='lat' dir='ltr'>reguntur,</span> <span class='ocrx_word' id='word_1_178' title='bbox 1100 2607 1258 2669; x_wconf 88' lang='lat' dir='ltr'>altissimo</span> <span class='ocrx_word' id='word_1_179' title='bbox 1279 2607 1355 2669; x_wconf 93' lang='lat' dir='ltr'>orbe</span> <span class='ocrx_word' id='word_1_180' title='bbox 1376 2612 1407 2667; x_wconf 93' lang='lat' dir='ltr'>et</span> 
     </span>
     <span class='ocr_line' id='line_1_23' title="bbox 286 2704 1406 2786; baseline -0.001 -20"><span class='ocrx_word' id='word_1_181' title='bbox 286 2707 460 2785; x_wconf 88' lang='lat' dir='ltr'>praecipua</span> <span class='ocrx_word' id='word_1_182' title='bbox 487 2707 633 2786; x_wconf 90' lang='lat' dir='ltr'>potentia</span> <span class='ocrx_word' id='word_1_183' title='bbox 660 2706 755 2768; x_wconf 90' lang='lat' dir='ltr'>stella</span> <span class='ocrx_word' id='word_1_184' title='bbox 783 2706 913 2768; x_wconf 85' lang='lat' dir='ltr'>Saturni</span> <span class='ocrx_word' id='word_1_185' title='bbox 935 2706 1055 2767; x_wconf 89' lang='lat' dir='ltr'>seratur</span> <span class='ocrx_word' id='word_1_186' title='bbox 1076 2724 1112 2766; x_wconf 87' lang='lat' dir='ltr'>ac</span> <span class='ocrx_word' id='word_1_187' title='bbox 1134 2706 1286 2786; x_wconf 86' lang='lat' dir='ltr'>pleraque</span> <span class='ocrx_word' id='word_1_188' title='bbox 1308 2704 1406 2765; x_wconf 90' lang='lat' dir='ltr'>caele-</span> 
     </span>
     <span class='ocr_line' id='line_1_24' title="bbox 285 2804 1407 2884; baseline -0.001 -20"><span class='ocrx_word' id='word_1_189' title='bbox 285 2804 385 2864; x_wconf 91' lang='lat' dir='ltr'>stium</span> <span class='ocrx_word' id='word_1_190' title='bbox 413 2804 481 2866; x_wconf 92' lang='lat' dir='ltr'>vim</span> <span class='ocrx_word' id='word_1_191' title='bbox 509 2824 602 2865; x_wconf 88' lang='lat' dir='ltr'>suam</span> <span class='ocrx_word' id='word_1_192' title='bbox 630 2809 663 2865; x_wconf 90' lang='lat' dir='ltr'>et</span> <span class='ocrx_word' id='word_1_193' title='bbox 690 2823 802 2866; x_wconf 88' lang='lat' dir='ltr'>cursus</span> <span class='ocrx_word' id='word_1_194' title='bbox 823 2804 978 2884; x_wconf 89' lang='lat' dir='ltr'>septimos</span> <span class='ocrx_word' id='word_1_195' title='bbox 999 2823 1055 2883; x_wconf 92' lang='lat' dir='ltr'>per</span> <span class='ocrx_word' id='word_1_196' title='bbox 1075 2822 1227 2864; x_wconf 90' lang='lat' dir='ltr'>numeros</span> <span class='ocrx_word' id='word_1_197' title='bbox 1248 2822 1407 2864; x_wconf 88' lang='lat' dir='ltr'>commea·</span> 
     </span>
     <span class='ocr_line' id='line_1_25' title="bbox 285 2900 1439 2980; baseline 0 -19"><span class='ocrx_word' id='word_1_198' title='bbox 285 2906 365 2962; x_wconf 92' lang='lat' dir='ltr'>rent.</span> <span class='ocrx_word' id='word_1_199' title='bbox 382 2907 405 2950; x_wconf 81' lang='lat'>÷</span> <span class='ocrx_word' id='word_1_200' title='bbox 434 2902 480 2962; x_wconf 93' lang='lat' dir='ltr'>Hi</span> <span class='ocrx_word' id='word_1_201' title='bbox 508 2902 605 2979; x_wconf 87' lang='lat' dir='ltr'>ritus,</span> <span class='ocrx_word' id='word_1_202' title='bbox 634 2921 764 2980; x_wconf 90' lang='lat' dir='ltr'>quoquo</span> <span class='ocrx_word' id='word_1_203' title='bbox 792 2901 890 2963; x_wconf 91' lang='lat' dir='ltr'>modo</span> <span class='ocrx_word' id='word_1_204' title='bbox 914 2900 1055 2979; x_wconf 88' lang='lat' dir='ltr'>inducti,</span> <span class='ocrx_word' id='word_1_205' title='bbox 1084 2900 1278 2980; x_wconf 87' lang='lat' dir='ltr'>antiquitate</span> <span class='ocrx_word' id='word_1_206' title='bbox 1299 2900 1439 2973; x_wconf 84' lang='lat' dir='ltr'>defen-5</span> 
     </span>
     <span class='ocr_line' id='line_1_26' title="bbox 228 2997 1405 3078; baseline 0 -20"><span class='ocrx_word' id='word_1_207' title='bbox 228 3010 266 3066; x_wconf 82' lang='lat'>25</span> <span class='ocrx_word' id='word_1_208' title='bbox 285 2998 423 3075; x_wconf 91' lang='lat' dir='ltr'>duntur;</span> <span class='ocrx_word' id='word_1_209' title='bbox 455 3004 559 3059; x_wconf 87' lang='lat' dir='ltr'>cetera</span> <span class='ocrx_word' id='word_1_210' title='bbox 585 2999 750 3076; x_wconf 87' lang='lat' dir='ltr'>instituta,</span> <span class='ocrx_word' id='word_1_211' title='bbox 783 2999 912 3060; x_wconf 85' lang='lat' dir='ltr'>sinistra</span> <span class='ocrx_word' id='word_1_212' title='bbox 939 2997 1048 3076; x_wconf 87' lang='lat' dir='ltr'>foeda,</span> <span class='ocrx_word' id='word_1_213' title='bbox 1080 2998 1240 3078; x_wconf 87' lang='lat' dir='ltr'>pravitate</span> <span class='ocrx_word' id='word_1_214' title='bbox 1267 2998 1405 3059; x_wconf 88' lang='lat' dir='ltr'>valuere.</span> 
     </span>
     <span class='ocr_line' id='line_1_27' title="bbox 286 3096 1408 3176; baseline -0.001 -19"><span class='ocrx_word' id='word_1_215' title='bbox 286 3097 369 3158; x_wconf 90' lang='lat' dir='ltr'>Nam</span> <span class='ocrx_word' id='word_1_216' title='bbox 396 3096 555 3176; x_wconf 91' lang='lat' dir='ltr'>pessimus</span> <span class='ocrx_word' id='word_1_217' title='bbox 577 3097 714 3176; x_wconf 90' lang='lat' dir='ltr'>quisque</span> <span class='ocrx_word' id='word_1_218' title='bbox 735 3096 850 3175; x_wconf 89' lang='lat' dir='ltr'>spretis</span> <span class='ocrx_word' id='word_1_219' title='bbox 871 3096 1079 3173; x_wconf 87' lang='lat' dir='ltr'>religionibus</span> <span class='ocrx_word' id='word_1_220' title='bbox 1100 3097 1212 3176; x_wconf 88' lang='lat' dir='ltr'>patriis</span> <span class='ocrx_word' id='word_1_221' title='bbox 1232 3096 1355 3158; x_wconf 89' lang='lat' dir='ltr'>tributa</span> <span class='ocrx_word' id='word_1_222' title='bbox 1375 3100 1408 3156; x_wconf 90' lang='lat' dir='ltr'>et</span> 
     </span>
     <span class='ocr_line' id='line_1_28' title="bbox 285 3193 1407 3274; baseline 0 -19"><span class='ocrx_word' id='word_1_223' title='bbox 285 3195 384 3274; x_wconf 87' lang='lat' dir='ltr'>stipes</span> <span class='ocrx_word' id='word_1_224' title='bbox 415 3194 494 3255; x_wconf 89' lang='lat' dir='ltr'>illuc</span> <span class='ocrx_word' id='word_1_225' title='bbox 524 3194 752 3271; x_wconf 82' lang='lat' dir='ltr'>congerebant3</span> <span class='ocrx_word' id='word_1_226' title='bbox 789 3193 875 3254; x_wconf 90' lang='lat' dir='ltr'>unde</span> <span class='ocrx_word' id='word_1_227' title='bbox 907 3200 1020 3256; x_wconf 88' lang='lat' dir='ltr'>auctae</span> <span class='ocrx_word' id='word_1_228' title='bbox 1051 3194 1247 3256; x_wconf 89' lang='lat' dir='ltr'>Iudaeorum</span> <span class='ocrx_word' id='word_1_229' title='bbox 1278 3214 1343 3272; x_wconf 88' lang='lat' dir='ltr'>res,</span> <span class='ocrx_word' id='word_1_230' title='bbox 1375 3199 1407 3255; x_wconf 93' lang='lat' dir='ltr'>et</span> 
     </span>
    </p>
   </div>
   <div class='ocr_carea' id='block_1_3' title="bbox 321 3405 1405 3491">
    <p class='ocr_par' dir='ltr' id='par_1_3' title="bbox 321 3405 1405 3491">
     <span class='ocr_line' id='line_1_29' title="bbox 321 3405 1405 3491; baseline -0.004 -14"><span class='ocrx_word' id='word_1_231' title='bbox 321 3425 346 3477; x_wconf 83' lang='lat'>9.</span> <span class='ocrx_word' id='word_1_232' title='bbox 366 3424 484 3475; x_wconf 87' lang='lat' dir='ltr'>animalis</span> <span class='ocrx_word' id='word_1_233' title='bbox 501 3425 524 3475; x_wconf 89' lang='lat' dir='ltr'>F</span> <span class='ocrx_word' id='word_1_234' title='bbox 543 3425 675 3491; x_wconf 69' lang='lat' dir='ltr'>(eriperem.</span> <span class='ocrx_word' id='word_1_235' title='bbox 694 3442 725 3474; x_wconf 86' lang='lat' dir='ltr'>m.</span> <span class='ocrx_word' id='word_1_236' title='bbox 745 3422 761 3474; x_wconf 82' lang='lat'>2</span> <span class='ocrx_word' id='word_1_237' title='bbox 781 3440 801 3474; x_wconf 90' lang='lat' dir='ltr'>s.</span> <span class='ocrx_word' id='word_1_238' title='bbox 820 3422 930 3489; x_wconf 85' lang='lat' dir='ltr'>onagri).</span> <span class='ocrx_word' id='word_1_239' title='bbox 950 3452 983 3459; x_wconf 95' lang='lat'>-</span> <span class='ocrx_word' id='word_1_240' title='bbox 1006 3420 1045 3473; x_wconf 94' lang='grc'>12.</span> <span class='ocrx_word' id='word_1_241' title='bbox 1065 3422 1189 3488; x_wconf 90' lang='lat' dir='ltr'>quoniam</span> <span class='ocrx_word' id='word_1_242' title='bbox 1211 3421 1286 3474; x_wconf 85' lang='lat' dir='ltr'>Orcll.</span> <span class='ocrx_word' id='word_1_243' title='bbox 1306 3405 1324 3489; x_wconf 61' lang='grc' dir='ltr'><strong>ᾗ</strong></span> <span class='ocrx_word' id='word_1_244' title='bbox 1341 3424 1405 3489; x_wconf 85' lang='lat' dir='ltr'>Fcs.</span> 
     </span>
    </p>
   </div>
   <div class='ocr_carea' id='block_1_4' title="bbox 285 3528 1406 3651">
    <p class='ocr_par' dir='ltr' id='par_1_4' title="bbox 285 3528 1406 3651">
     <span class='ocr_line' id='line_1_30' title="bbox 285 3528 1406 3651; baseline -0.001 -17"><span class='ocrx_word' id='word_1_245' title='bbox 285 3584 320 3634; x_wconf 82' lang='lat' dir='ltr'>ad</span> <span class='ocrx_word' id='word_1_246' title='bbox 334 3602 362 3651; x_wconf 87' lang='lat' dir='ltr'>p.</span> <span class='ocrx_word' id='word_1_247' title='bbox 382 3582 480 3637; x_wconf 84' lang='lat'>213.18</span> <span class='ocrx_word' id='word_1_248' title='bbox 498 3583 559 3649; x_wconf 89' lang='lat' dir='ltr'>quia</span> <span class='ocrx_word' id='word_1_249' title='bbox 573 3583 657 3650; x_wconf 75' lang='lat' dir='ltr'>-thp</span> <span class='ocrx_word' id='word_1_250' title='bbox 678 3613 711 3620; x_wconf 93' lang='lat'><em>-</em></span> <span class='ocrx_word' id='word_1_251' title='bbox 739 3582 779 3634; x_wconf 83' lang='grc'>12.</span> <span class='ocrx_word' id='word_1_252' title='bbox 800 3600 857 3634; x_wconf 82' lang='lat' dir='ltr'>sues</span> <span class='ocrx_word' id='word_1_253' title='bbox 872 3582 915 3634; x_wconf 87' lang='lat' dir='ltr'>Fl.</span> <span class='ocrx_word' id='word_1_254' title='bbox 936 3528 1406 3648; x_wconf 56' lang='grc' dir='ltr'>-1111111Ν111111111111211111110-</span> 
     </span>
    </p>
   </div>
   <div class='ocr_carea' id='block_1_5' title="bbox 232 3669 1407 4252">
    <p class='ocr_par' dir='ltr' id='par_1_5' title="bbox 232 3669 1407 4252">
     <span class='ocr_line' id='line_1_31' title="bbox 1087 3669 1207 3721; baseline 0.008 -1"><span class='ocrx_word' id='word_1_255' title='bbox 1087 3669 1128 3721; x_wconf 84' lang='lat' dir='ltr'>die</span> <span class='ocrx_word' id='word_1_256' title='bbox 1149 3669 1207 3721; x_wconf 84' lang='lat' dir='ltr'>nt.2</span> 
     </span>
     <span class='ocr_line' id='line_1_32' title="bbox 285 3671 1407 3810; baseline -0.002 -16"><span class='ocrx_word' id='word_1_257' title='bbox 285 3742 344 3808; x_wconf 81' lang='lat' dir='ltr'>ria).</span> <span class='ocrx_word' id='word_1_258' title='bbox 370 3773 402 3781; x_wconf 79' lang='grc'><strong>-</strong></span> <span class='ocrx_word' id='word_1_259' title='bbox 424 3744 465 3797; x_wconf 87' lang='grc'>13.</span> <span class='ocrx_word' id='word_1_260' title='bbox 491 3743 560 3810; x_wconf 90' lang='lat' dir='ltr'>quod</span> <span class='ocrx_word' id='word_1_261' title='bbox 579 3744 601 3794; x_wconf 98' lang='lat' dir='ltr'>F</span> <span class='ocrx_word' id='word_1_262' title='bbox 620 3745 684 3809; x_wconf 89' lang='lat' dir='ltr'>(qua</span> <span class='ocrx_word' id='word_1_263' title='bbox 702 3761 822 3810; x_wconf 78' lang='lat' dir='ltr'>cuperccr.</span> <span class='ocrx_word' id='word_1_264' title='bbox 841 3761 873 3793; x_wconf 88' lang='lat' dir='ltr'>m.</span> <span class='ocrx_word' id='word_1_265' title='bbox 893 3741 929 3806; x_wconf 88' lang='grc'>2).</span> <span class='ocrx_word' id='word_1_266' title='bbox 956 3772 989 3779; x_wconf 97' lang='grc'>-</span> <span class='ocrx_word' id='word_1_267' title='bbox 1011 3743 1051 3795; x_wconf 91' lang='grc'>16.</span> <span class='ocrx_word' id='word_1_268' title='bbox 1075 3740 1127 3792; x_wconf 90' lang='lat' dir='ltr'>diei</span> <span class='ocrx_word' id='word_1_269' title='bbox 1138 3673 1174 3792; x_wconf 62' lang='lat' dir='ltr'>lF.</span> <span class='ocrx_word' id='word_1_270' title='bbox 1201 3671 1233 3778; x_wconf 41' lang='lat' dir='ltr'>l</span> <span class='ocrx_word' id='word_1_271' title='bbox 1256 3742 1295 3794; x_wconf 80' lang='lat'>19.</span> <span class='ocrx_word' id='word_1_272' title='bbox 1321 3741 1407 3793; x_wconf 85' lang='lat' dir='ltr'>Idaeis</span> 
     </span>
     <span class='ocr_line' id='line_1_33' title="bbox 285 3828 1405 3899; baseline 0 -18"><span class='ocrx_word' id='word_1_273' title='bbox 285 3831 358 3898; x_wconf 78' lang='lat' dir='ltr'>Dipa.</span> <span class='ocrx_word' id='word_1_274' title='bbox 383 3833 412 3897; x_wconf 77' lang='lat' dir='ltr'>cs.</span> <span class='ocrx_word' id='word_1_275' title='bbox 438 3849 458 3883; x_wconf 87' lang='lat' dir='ltr'>c.</span> <span class='ocrx_word' id='word_1_276' title='bbox 483 3831 499 3883; x_wconf 85' lang='lat'><strong>2</strong></span> <span class='ocrx_word' id='word_1_277' title='bbox 524 3831 612 3883; x_wconf 90' lang='lat' dir='ltr'>Iudeis</span> <span class='ocrx_word' id='word_1_278' title='bbox 630 3833 661 3883; x_wconf 90' lang='lat' dir='ltr'>F.</span> <span class='ocrx_word' id='word_1_279' title='bbox 688 3860 720 3869; x_wconf 92' lang='lat'>—</span> <span class='ocrx_word' id='word_1_280' title='bbox 739 3830 782 3883; x_wconf 83' lang='lat'>21.</span> <span class='ocrx_word' id='word_1_281' title='bbox 809 3830 931 3882; x_wconf 85' lang='lat' dir='ltr'>mortales</span> <span class='ocrx_word' id='word_1_282' title='bbox 949 3832 971 3882; x_wconf 89' lang='lat' dir='ltr'>F</span> <span class='ocrx_word' id='word_1_283' title='bbox 990 3828 1190 3899; x_wconf 80' lang='lat' dir='ltr'>mortales&lt;res&gt;</span> <span class='ocrx_word' id='word_1_284' title='bbox 1213 3829 1306 3881; x_wconf 78' lang='lat' dir='ltr'>Wnnn.</span> <span class='ocrx_word' id='word_1_285' title='bbox 1328 3828 1405 3899; x_wconf 74' lang='lat' dir='ltr'>(res)</span> 
     </span>
     <span class='ocr_line' id='line_1_34' title="bbox 285 3917 1406 3988; baseline 0.001 -19"><span class='ocrx_word' id='word_1_286' title='bbox 285 3919 406 3969; x_wconf 84' lang='lat' dir='ltr'>mortales</span> <span class='ocrx_word' id='word_1_287' title='bbox 424 3918 506 3969; x_wconf 84' lang='lat' dir='ltr'>Halm</span> <span class='ocrx_word' id='word_1_288' title='bbox 525 3919 643 3970; x_wconf 86' lang='lat' dir='ltr'>mortalia</span> <span class='ocrx_word' id='word_1_289' title='bbox 661 3918 742 3988; x_wconf 81' lang='lat' dir='ltr'>Nipp.</span> <span class='ocrx_word' id='word_1_290' title='bbox 763 3948 795 3956; x_wconf 92' lang='lat'><em>-</em></span> <span class='ocrx_word' id='word_1_291' title='bbox 815 3917 858 3971; x_wconf 84' lang='grc'>23.</span> <span class='ocrx_word' id='word_1_292' title='bbox 883 3918 936 3969; x_wconf 92' lang='lat' dir='ltr'>uim</span> <span class='ocrx_word' id='word_1_293' title='bbox 955 3920 978 3969; x_wconf 89' lang='lat' dir='ltr'>F</span> <span class='ocrx_word' id='word_1_294' title='bbox 997 3919 1067 3969; x_wconf 89' lang='lat' dir='ltr'>uiam</span> <span class='ocrx_word' id='word_1_295' title='bbox 1085 3917 1278 3985; x_wconf 79' lang='lat' dir='ltr'>Bezzeabcrper.</span> <span class='ocrx_word' id='word_1_296' title='bbox 1299 3948 1332 3955; x_wconf 94' lang='lat'><em>-</em></span> <span class='ocrx_word' id='word_1_297' title='bbox 1351 3936 1406 3985; x_wconf 87' lang='lat' dir='ltr'>sep-</span> 
     </span>
     <span class='ocr_line' id='line_1_35' title="bbox 285 4006 1407 4075; baseline 0 -17"><span class='ocrx_word' id='word_1_298' title='bbox 285 4009 362 4059; x_wconf 90' lang='lat' dir='ltr'>timos</span> <span class='ocrx_word' id='word_1_299' title='bbox 379 4008 402 4058; x_wconf 93' lang='lat' dir='ltr'>F</span> <span class='ocrx_word' id='word_1_300' title='bbox 421 4015 540 4073; x_wconf 86' lang='lat' dir='ltr'>septenos</span> <span class='ocrx_word' id='word_1_301' title='bbox 557 4008 647 4058; x_wconf 82' lang='lat' dir='ltr'>Halm.</span> <span class='ocrx_word' id='word_1_302' title='bbox 668 4038 699 4045; x_wconf 92' lang='lat'><em>-</em></span> <span class='ocrx_word' id='word_1_303' title='bbox 716 4016 889 4059; x_wconf 87' lang='lat' dir='ltr'>commearent</span> <span class='ocrx_word' id='word_1_304' title='bbox 901 4008 934 4075; x_wconf 83' lang='lat'>÷]</span> <span class='ocrx_word' id='word_1_305' title='bbox 949 4012 1083 4059; x_wconf 74' lang='lat' dir='ltr'>emearent</span> <span class='ocrx_word' id='word_1_306' title='bbox 1095 4008 1117 4058; x_wconf 92' lang='lat' dir='ltr'>F</span> <span class='ocrx_word' id='word_1_307' title='bbox 1130 4015 1272 4058; x_wconf 87' lang='lat' dir='ltr'>commeent</span> <span class='ocrx_word' id='word_1_308' title='bbox 1289 4006 1407 4073; x_wconf 72' lang='lat' dir='ltr'>Wo&#39;b‘linn</span> 
     </span>
     <span class='ocr_line' id='line_1_36' title="bbox 232 4096 1405 4163; baseline 0.002 -18"><span class='ocrx_word' id='word_1_309' title='bbox 232 4102 235 4106; x_wconf 77' lang='grc'>’</span> <span class='ocrx_word' id='word_1_310' title='bbox 285 4096 431 4162; x_wconf 84' lang='lat' dir='ltr'>compleant</span> <span class='ocrx_word' id='word_1_311' title='bbox 458 4096 542 4146; x_wconf 84' lang='lat' dir='ltr'>Halm</span> <span class='ocrx_word' id='word_1_312' title='bbox 567 4104 718 4162; x_wconf 88' lang='lat' dir='ltr'>comparent</span> <span class='ocrx_word' id='word_1_313' title='bbox 745 4096 851 4163; x_wconf 71' lang='lat' dir='ltr'>Madetp</span> <span class='ocrx_word' id='word_1_314' title='bbox 879 4113 1023 4147; x_wconf 88' lang='lat' dir='ltr'>commeare</span> <span class='ocrx_word' id='word_1_315' title='bbox 1051 4096 1104 4146; x_wconf 85' lang='lat' dir='ltr'>edd.</span> <span class='ocrx_word' id='word_1_316' title='bbox 1133 4114 1182 4162; x_wconf 78' lang='lat' dir='ltr'>req.</span> <span class='ocrx_word' id='word_1_317' title='bbox 1211 4096 1337 4147; x_wconf 77' lang='lat' dir='ltr'>Heracus.</span> <span class='ocrx_word' id='word_1_318' title='bbox 1373 4126 1405 4134; x_wconf 86' lang='lat'>-</span> 
     </span>
     <span class='ocr_line' id='line_1_37' title="bbox 285 4184 1405 4252; baseline 0.002 -18"><span class='ocrx_word' id='word_1_319' title='bbox 285 4185 329 4235; x_wconf 80' lang='grc'>24.</span> <span class='ocrx_word' id='word_1_320' title='bbox 348 4185 385 4252; x_wconf 89' lang='lat' dir='ltr'>hi]</span> <span class='ocrx_word' id='word_1_321' title='bbox 405 4185 432 4235; x_wconf 90' lang='lat' dir='ltr'>Is</span> <span class='ocrx_word' id='word_1_322' title='bbox 451 4186 480 4237; x_wconf 89' lang='lat' dir='ltr'>F.</span> <span class='ocrx_word' id='word_1_323' title='bbox 502 4215 534 4223; x_wconf 93' lang='grc'><strong>-</strong></span> <span class='ocrx_word' id='word_1_324' title='bbox 554 4184 707 4251; x_wconf 79' lang='lat' dir='ltr'>antiquitate</span> <span class='ocrx_word' id='word_1_325' title='bbox 726 4184 768 4236; x_wconf 88' lang='lat' dir='ltr'>Fl.</span> <span class='ocrx_word' id='word_1_326' title='bbox 789 4215 821 4223; x_wconf 88' lang='lat'><em>-</em></span> <span class='ocrx_word' id='word_1_327' title='bbox 835 4184 877 4236; x_wconf 78' lang='grc'>27.</span> <span class='ocrx_word' id='word_1_328' title='bbox 897 4184 1068 4251; x_wconf 86' lang='lat' dir='ltr'>congerebant</span> <span class='ocrx_word' id='word_1_329' title='bbox 1078 4185 1234 4235; x_wconf 72' lang='lat' dir='ltr'>Itetcolaans</span> <span class='ocrx_word' id='word_1_330' title='bbox 1243 4184 1366 4251; x_wconf 87' lang='lat' dir='ltr'>gerebant</span> <span class='ocrx_word' id='word_1_331' title='bbox 1375 4186 1405 4236; x_wconf 92' lang='lat' dir='ltr'>F.</span> 
     </span>
    </p>
   </div>
   <div class='ocr_carea' id='block_1_6' title="bbox 0 0 1710 4909">
    <p class='ocr_par' dir='ltr' id='par_1_6' title="bbox 0 0 1710 4909">
     <span class='ocr_line' id='line_1_38' title="bbox 0 0 1710 4909; baseline 0 3"><span class='ocrx_word' id='word_1_332' title='bbox 0 0 1710 4909; x_wconf 95' lang='lat' dir='ltr'> </span> 
     </span>
    </p>
   </div>
  </div>
 </body>
</html>
