3409 4909
337 455 394 516 128
763 474 904 516 coaannr
925 473 1036 516 rasim
1306 459 1342 521 (a.
1362 474 1388 509 u.
1407 456 1457 510 822

336 648 368 705 et
389 643 584 721 primoribus
605 642 748 721 partium
770 643 835 702 iam
858 642 1026 703 Vitellium
1049 640 1298 720 aspernantibus
1317 640 1458 702 ambitus

336 740 477 801 abnuere
505 740 729 818 perseveravit.
759 739 896 801 Sanctus
924 738 1125 816 inturbiduS,
1155 739 1278 800 nullius
1299 739 1459 818 repentini

336 838 483 915 honoris,
512 838 591 899 adeo
619 857 684 899 non
713 838 914 917 principatus
942 842 1113 917 appetens,
1142 857 1259 916 parum
1287 837 1458 914 effugerat,

337 955 377 997 ne
398 935 514 1013 dignus
536 935 725 997 crederetur.

281 1032 322 1094 40
377 1033 497 1093 Fabius
520 1033 649 1093 interim
671 1032 791 1094 Valens
812 1033 917 1094 multo
939 1052 976 1093 ac
997 1033 1089 1094 molli
1110 1032 1366 1103 concubinarum
1389 1046 1491 1112 spa-5

336 1131 524 1210 donumque
551 1132 679 1208 agmine
707 1132 835 1207 segnius
862 1150 960 1210 quam
983 1130 1024 1191 ad
1045 1129 1169 1191 bellum
1190 1129 1358 1207 incedens,
1388 1150 1459 1209 pro-

333 1229 438 1289 ditam
479 1250 498 1289 a
539 1229 663 1290 Lucilio
705 1230 803 1289 Basso
844 1229 1068 1291 Ravennatem
1103 1229 1239 1289 classem
1273 1228 1459 1307 pernicibus

333 1328 459 1387 nuntiis
494 1328 617 1406 accepit
651 1332 683 1388 et
710 1327 737 1387 si
766 1333 919 1406 coeptum
946 1327 1007 1387 iter
1033 1331 1251 1405 properasset,
1286 1331 1459 1387 nutantem

332 1424 507 1485 Caecinam
542 1424 728 1504 praevenire
766 1428 823 1484 aut
853 1429 929 1484 ante
960 1423 1132 1506 discrimen
1163 1442 1291 1503 pugnae
1324 1424 1459 1504 adsequi

298 1557 299 1560 =
334 1522 474 1599 legiones
511 1522 677 1601 potuisset.
716 1522 782 1583 Nec
818 1521 965 1598 deerant,
1003 1522 1060 1601 qui
1082 1527 1275 1599 monerent,
1315 1527 1352 1582 ut
1384 1541 1458 1583 cum
1478 1534 1506 1588 10

334 1620 499 1681 fidissimis
520 1640 577 1699 per
597 1620 739 1681 occultos
761 1620 924 1697 tramites,
952 1620 1055 1680 vitata
1075 1619 1246 1688 Ravenna,
1279 1619 1457 1680 Hostiliam

335 1719 567 1779 Cremonamve
588 1723 732 1798 pergeret
739 1738 746 1794 3
775 1717 848 1778 aliis
870 1717 1019 1797 placebat
1040 1718 1150 1778 accitis
1171 1736 1213 1777 ex
1234 1717 1313 1777 urbe
1358 1722 1458 1798 racto

334 1817 389 1876 riis
411 1816 597 1877 cohortibus
618 1815 727 1877 valida
749 1835 849 1876 manu
871 1834 1093 1894 perrumpere:
1116 1816 1184 1894 ipse
1203 1814 1313 1875 inutili
1329 1819 1458 1876 cuncta-

335 1914 420 1975 tione
435 1914 551 1991 agendi
565 1920 712 1992 tempora
726 1913 940 1974 consultando
956 1914 1157 1992 consumpsit
1165 1933 1172 1990 ;
1189 1932 1266 1973 mox
1280 1918 1457 1991 utrumque

334 2012 506 2072 consilium
534 2016 740 2091 aspernatus,
770 2011 859 2090 quod
879 2012 964 2073 inter
985 2012 1139 2091 ancipitia
1160 2011 1372 2072 deterrimum
1395 2016 1504 2089 est,15

335 2108 414 2169 dum
451 2109 559 2170 media
597 2110 759 2188 sequitur,
798 2128 857 2170 nec
892 2128 990 2170 ausus
1025 2114 1073 2170 est
1105 2110 1182 2171 satis
1214 2128 1272 2170 nec
1304 2109 1456 2188 providit.

279 2215 318 2276 41
336 2207 442 2267 Missis
470 2207 511 2267 ad
540 2207 710 2268 Vitellium
734 2208 849 2268 litteris
878 2208 1037 2267 auxilium
1068 2206 1227 2286 postulat:
1256 2226 1373 2268 venere
1395 2212 1456 2267 tres

335 2305 480 2368 cohortes
510 2325 585 2365 cum
616 2305 668 2365 ala
699 2305 901 2382 Britannica,
939 2324 1044 2383 neque
1075 2304 1117 2364 ad
1148 2303 1329 2365 fallendum
1362 2310 1456 2383 aptus

334 2423 488 2464 numerus
515 2423 620 2482 neque
648 2403 689 2463 ad
718 2402 963 2481 penetrandum.
995 2403 1057 2464 Sed
1085 2402 1205 2464 Valens
1233 2422 1273 2463 ne
1301 2403 1337 2462 in
1365 2406 1457 2463 tanto

334 2501 468 2581 quidem
489 2501 674 2562 discrimine
695 2501 831 2561 infamia
845 2502 964 2578 caruit,
987 2521 1051 2579 quo
1067 2501 1175 2561 minus
1189 2519 1300 2579 rapere
1315 2500 1456 2561 inlicitas
1473 2512 1503 2567 20

334 2600 517 2678 voluptates
538 2599 770 2678 adulteriisque
791 2618 828 2659 ac
852 2600 973 2677 stupris
994 2598 1137 2678 polluere
1156 2598 1324 2677 hospitum
1339 2597 1456 2659 domus
1486 2663 1491 2669 ,

333 2698 530 2759 crederetur:
552 2697 687 2759 aderant
707 2697 756 2757 vis
778 2703 811 2757 et
831 2698 970 2776 pecunia
990 2701 1022 2757 et
1043 2697 1166 2757 ruentis
1187 2696 1336 2785 fortunae
1350 2696 1456 2758 novis-

334 2796 417 2857 sima
440 2795 551 2859 libido.
581 2795 733 2857 Adventu
756 2794 888 2856 demum
911 2795 1058 2873 peditum
1079 2795 1291 2873 equitumque
1313 2796 1456 2873 pravitas

334 2894 460 2956 consilii
481 2894 603 2973 patuit,
626 2894 702 2972 quia
723 2912 782 2953 nec
803 2891 920 2954 vadere
941 2912 998 2972 per
1018 2892 1127 2954 hostes
1149 2897 1216 2952 tam
1236 2911 1339 2971 parva
1353 2906 1456 2953 manu

334 2996 475 3071 poterat,
504 2992 632 3053 etiamsi
660 2991 816 3051 fidissima
837 2990 933 3063 foret,
962 3009 1021 3050 nec
1042 2990 1201 3066 integram
1221 2988 1320 3050 fidem
1342 2990 1456 3051 attule·
1473 3002 1501 3055 25

334 3094 408 3149 rant
415 3109 422 3165 3
445 3088 550 3167 pudor
570 3093 680 3148 tamen
702 3092 734 3148 et
755 3087 932 3166 praesentis
953 3087 1045 3148 ducis
1060 3088 1238 3148 reverentia
1252 3087 1455 3160 morabatur,

334 3186 423 3247 haud
444 3186 599 3246 diuturna
620 3185 727 3247 vincla
747 3184 836 3264 apud
857 3184 993 3264 pavidos
1014 3185 1232 3264 periculorum
1246 3190 1278 3246 et
1292 3184 1455 3247 dedecoris

334 3303 470 3345 securos
493 3284 540 3344 Eo
561 3288 650 3344 metu
673 3282 819 3344 cohortes
840 3283 1026 3343 Ariminum
1048 3283 1242 3362 praemittit,
1265 3282 1353 3343 alam
1374 3283 1456 3345 tueri

333 3387 421 3459 terga
452 3382 559 3458 iubet,
592 3382 660 3460 ipse
692 3381 820 3460 paucis,
853 3400 934 3459 quos
966 3380 1102 3441 aduersa
1134 3400 1200 3441 non
1231 3386 1454 3457 mutauerant,

334 3480 563 3540 comitantibus
590 3479 682 3540 flexit
709 3479 743 3538 in
771 3478 941 3539 Umbriam
970 3483 1066 3558 atqu'e
1090 3478 1166 3539 inde
1188 3479 1371 3555 Etruriam,
1399 3479 1455 3540 ubi
1472 3488 1499 3545 30

334 3578 461 3655 cognito
492 3595 619 3656 pugnae
651 3577 875 3637 Cremonensis
906 3583 1026 3638 eventu
1054 3595 1121 3638 non
1151 3576 1308 3653 ignavum
1339 3583 1388 3655 et,
1428 3577 1454 3638 si

334 3756 492 3763 -Ἀ

1070 3840 1081 3882 t

371 3906 393 3955 l.
414 3905 525 3956 uitellius
542 3905 565 3955 F
585 3905 607 3971 (s
625 3904 672 3954 dcl.
693 3906 745 3965 esi).
767 3933 799 3940 —
820 3903 843 3954 P.
864 3906 914 3954 scs.
936 3934 969 3940 -—
991 3904 1030 3954 17.
1050 3902 1131 3954 literis
1149 3902 1179 3953 F.
1201 3932 1233 3940 —
1249 3901 1292 3956 26.
1312 3902 1454 3955 reuerentia

333 3994 402 4061 (dcl.
423 3996 478 4059 cat).
497 4024 531 4031 —
551 3992 593 4044 27.
614 3992 721 4058 pauidos
740 3992 856 4043 Faernus
876 3991 996 4043 auidosF
1012 3991 1102 4043 auidos
1111 3992 1285 4058 praemiorum
1297 3992 1401 4044 Meiecr.
1422 4020 1453 4029 -

332 4081 375 4135 30.
394 4081 473 4132 uerba
490 4081 578 4147 paucis
598 4110 630 4118 —-
649 4080 831 4131 comitantibus
846 4088 905 4146 post
922 4080 977 4146 ipse
993 4080 1145 4147 transposuit
1155 4080 1306 4144 Acidaliae,
1325 4080 1386 4131 iaF
1396 4080 1453 4147 legi·

331 4190 364 4223 ur
381 4187 411 4221 eo
430 4178 544 4221 metuet
563 4170 651 4235 paucis
671 4200 703 4207 —
723 4170 904 4220 comitantibus
923 4170 1047 4221 cohortes.
1079 4199 1111 4207 -
1130 4170 1173 4222 31.
1192 4174 1290 4221 euentu
1307 4170 1377 4238 (del.
1398 4169 1449 4234 cst).
