3409 4909
305 490 344 548 24
731 508 871 551 connum
893 508 1003 550 raorrr
1272 494 1305 559 (a.
1327 509 1351 543 u.
1372 491 1425 544 822

305 676 361 755 qui
382 677 579 754 occiderant,
601 677 658 756 qui
678 677 905 755 interfuerant,
931 678 987 756 qui
1008 697 1097 754 vere,
1123 678 1179 757 qui
1201 677 1282 738 falso
1300 682 1339 738 ut
1351 677 1425 755 pul-

305 774 419 834 chrum
440 780 472 835 et
493 774 700 836 memorabile
718 774 843 836 facinus
858 775 1030 836 iactabant.
1052 775 1164 835 Plures
1179 795 1278 854 quam
1293 781 1426 837 centum

304 872 419 950 viginti
445 872 572 934 libellos
600 874 782 952 praemium
802 873 1048 952 exposcentium
1069 873 1109 934 ob
1131 873 1276 951 aliquam
1297 873 1424 934 notabi-

304 971 368 1031 lem
406 970 463 1031 illa
493 971 545 1032 die
575 990 707 1051 operam
739 971 890 1033 Vitellius
921 978 1033 1050 postea
1063 972 1204 1048 invenit;
1245 990 1424 1051 omnesque

240 1113 253 1134 ,-
302 1070 451 1148 conquiri
478 1074 510 1130 et
532 1068 670 1130 interfici
690 1070 799 1147 iussit,
828 1089 894 1130 non
915 1070 1036 1131 honore
1058 1069 1195 1148 Galbae,
1224 1069 1281 1130 sed
1302 1068 1423 1131 tradito
1444 1080 1459 1131 5

305 1166 505 1245 principibus
533 1186 636 1243 more,
664 1167 907 1228 munimentum
935 1167 976 1227 ad
1004 1188 1171 1247 praesens,
1200 1168 1234 1229 in
1256 1166 1424 1246 posterum

305 1264 472 1325 ultionem.
813 1287 815 1289 ·

251 1366 304 1427 45,
345 1362 458 1423 Alium
488 1362 631 1424 crederes
658 1369 821 1440 senatum,
854 1363 955 1423 alium
983 1363 1151 1443 populum.
1184 1364 1287 1424 Ruere
1316 1363 1426 1423 cuncti

305 1460 339 1521 in
368 1466 487 1537 castra,
515 1462 637 1522 anteire
664 1462 845 1541 proximos,
874 1467 994 1523 certare
1022 1482 1097 1523 cum
1125 1461 1424 1541 praecurrentibus,

304 1558 469 1637 increpare
501 1559 655 1637 Galbam,
693 1559 825 1620 laudare
856 1560 999 1620 militum
1029 1560 1203 1637 iudicium,
1242 1558 1425 1620 exosculari
1445 1570 1475 1625 10

306 1657 443 1718 Othonis
464 1676 614 1733 manum3
637 1663 823 1736 quantoque
845 1658 954 1735 magis
968 1657 1049 1718 falsa
1063 1663 1167 1736 erant,
1189 1676 1272 1736 quae
1287 1656 1425 1735 fiebant,

305 1759 396 1815 tanto
417 1755 512 1834 plura
532 1754 644 1816 facere.
667 1756 731 1816 Nec
753 1755 985 1835 aspernabatur
1006 1755 1148 1834 singulos
1164 1755 1265 1831 Otho,
1288 1754 1425 1816 avidum

305 1857 337 1912 et
374 1852 534 1913 minacem
571 1852 714 1914 militum
752 1854 900 1914 animum
934 1872 1012 1914 voce
1043 1853 1199 1932 voltuque
1229 1858 1425 1931 temperans.

306 1950 445 2010 Marium
473 1950 619 2028 Celsum,
648 1951 813 2012 consulem
841 1950 1044 2029 designatum
1069 1956 1101 2012 et
1122 1951 1244 2012 Galbae
1264 1971 1369 2031 usque
1391 1951 1426 2012 in

305 2053 465 2108 extremas
492 2066 541 2109 res
569 2049 712 2109 amicum
739 2048 922 2128 fidumque,
951 2048 992 2109 ad
1019 2049 1217 2128 supplicium
1237 2049 1426 2127 expostula·
1447 2061 1475 2112 15

305 2145 399 2223 bant,
437 2146 614 2207 industriae
650 2147 718 2207 eius
748 2147 1016 2226 innocentiaeque
1048 2148 1141 2227 quasi
1172 2147 1267 2208 malis
1299 2147 1426 2207 artibus

306 2243 432 2303 infensi.
460 2243 576 2304 Caedis
600 2247 632 2305 et
652 2243 845 2323 praedarum
867 2246 998 2306 initium
1020 2251 1051 2306 et
1072 2246 1195 2324 optimo
1217 2246 1334 2324 cuique
1357 2265 1428 2324 per-

306 2341 423 2402 niciem
458 2342 569 2420 quaeri
600 2342 784 2421 apparebat.
822 2341 885 2403 Sed
917 2342 1038 2403 Othoni
1069 2343 1216 2404 nondum
1249 2344 1428 2403 auctoritas

306 2440 409 2500 inerat
429 2439 471 2500 ad
491 2439 731 2519 prohibendum
752 2440 870 2501 scelus:
892 2441 1003 2502 iubere
1024 2443 1089 2502 iam
1104 2446 1237 2520 poterat.
1261 2441 1312 2502 Ita
1326 2442 1429 2502 simu-

306 2537 426 2598 latione
446 2537 511 2597 irae
533 2537 648 2598 vinciri
669 2537 793 2598 iussum
814 2544 846 2599 et
867 2538 1003 2599 maiores
1024 2557 1145 2618 poenas
1160 2538 1314 2599 daturum
1329 2538 1427 2599 adfir·
1446 2548 1475 2603 21

252 2640 291 2700 46
306 2654 399 2695 mans
436 2636 597 2714 praesenti
637 2635 736 2696 exitio
773 2635 943 2696 subtraxit.
987 2636 1104 2697 Omnia
1142 2635 1259 2696 deinde
1291 2636 1428 2698 arbitrio

306 2732 449 2792 militum
478 2738 557 2792 acta.
587 2732 740 2792 Praetorii
768 2732 944 2811 praefectos
969 2733 1029 2793 sibi
1050 2734 1113 2812 ipsi
1135 2733 1251 2812 legere,
1281 2734 1430 2796 Plotium

306 2832 454 2891 Firmum
475 2850 492 2890 e
513 2830 771 2909 manipularibus
792 2830 974 2909 quondam,
999 2837 1070 2892 tum
1091 2831 1243 2908 vigilibus
1264 2833 1430 2911 praeposi-

306 2934 377 2989 tum
415 2934 447 2989 et
483 2927 640 2988 incolumi
678 2927 785 2988 adhuc
820 2928 923 2989 Galba
954 2935 1060 3008 partes
1092 2929 1229 2991 Othonis
1261 2936 1429 2992 secutum:

306 3024 492 3102 adiungitur
520 3024 662 3084 Licinius
690 3024 860 3102 Proculus,
891 3025 1008 3087 intima
1035 3025 1255 3087 familiaritate
1283 3026 1426 3089 Othonis
1447 3038 1475 3093 25

306 3128 473 3201 suspectus
494 3122 628 3183 consilia
649 3122 717 3183 eius
738 3122 864 3184 fovisse.
888 3123 968 3184 Urbi
989 3124 1140 3185 Flavium
1162 3124 1319 3185 Sabinum
1335 3121 1429 3204 prae-

306 3220 423 3297 fecere,
453 3220 611 3281 iudicium
642 3220 777 3280 Neronis
809 3222 926 3298 secuti,
959 3222 1018 3282 sub
1050 3242 1115 3301 quo
1146 3222 1282 3283 eandem
1314 3241 1430 3284 curam

307 3318 505 3395 obtinuerat,
527 3318 687 3397 plerisque
709 3319 946 3398 Vespasianum
967 3319 1098 3381 fratrem
1119 3321 1153 3380 in
1174 3340 1212 3381 eo
1229 3321 1430 3399 respicienti-

306 3416 376 3477 bus.
398 3416 612 3493 Flagitatum,
633 3410 671 3476 ut
685 3416 868 3478 vacationes
886 3418 1040 3496 praestari
1055 3418 1296 3479 centurionibus
1311 3419 1428 3480 solitae

306 3514 552 3575 remitterentur.
575 3514 722 3593 Namque
743 3514 904 3591 gregarius
925 3514 1018 3575 miles
1039 3516 1256 3577 attributum
1277 3536 1428 3577 annuum
1446 3525 1475 3579 30

307 3610 476 3690 pendebat.
505 3611 628 3682 Quarta
654 3631 728 3690 pars
757 3610 917 3689 manipuli
938 3630 1049 3690 sparsa
1069 3632 1126 3691 per
1147 3619 1347 3675 commeatus
1369 3620 1428 3676 aut

305 3710 340 3768 in
368 3709 446 3787 ipsis
475 3702 586 3770 castris
612 3728 709 3786 vaga,
738 3708 817 3769 dum
839 3709 1019 3770 mercedem
1040 3711 1221 3772 centurioni
1243 3692 1423 3789 exolveret3

344 3933 366 3981 1.
392 3932 470 3997 quive
489 3950 548 3984 vere
567 3934 597 3984 F.
624 3963 656 3970 -
676 3935 700 3984 4.
725 3934 768 3984 illa
786 3934 827 3985 die
846 3934 881 3986 F1
900 3936 986 3999 (etiam
1001 3954 1028 4001 p.
1048 3934 1090 3987 23.
1113 3938 1143 3987 11
1164 3937 1192 3986 in
1211 3936 1232 3986 F
1252 3944 1288 3987 est
1306 3937 1368 3998 illst.
1392 3968 1423 3974 —

212 4037 215 4041 ’
307 4022 331 4072 ἴ).
357 4021 449 4071 honori
467 4021 547 4088 Nipp.
568 4052 601 4058 —-
623 4023 663 4073 14.
685 4024 751 4073 celso
770 4023 800 4073 F.
820 4053 853 4059 -
873 4024 1002 4089 signatum
1021 4024 1051 4074 F.
1073 4054 1105 4060 —
1127 4027 1167 4077 15.
1187 4025 1220 4075 ad
1239 4026 1322 4076 omisit
1340 4027 1371 4077 F.
1391 4057 1423 4064 -

306 4108 349 4160 21.
374 4110 450 4160 exilio
470 4110 500 4161 F.
526 4140 559 4146 —
578 4109 621 4162 26.
647 4120 763 4176 suspecta
781 4112 811 4162 F.
835 4142 868 4148 -
888 4112 1006 4163 sauinum
1025 4113 1055 4163 F.
1077 4144 1109 4149 —
1129 4114 1171 4165 31.
1192 4114 1317 4179 manipuli
1336 4131 1424 4181 sparsa

306 4198 419 4249 Pisitana
434 4199 579 4264 manipulis.
599 4216 666 4265 pars.
687 4230 720 4236 —
737 4199 778 4252 32.
798 4202 1072 4252 centurionisxolucret
1083 4203 1105 4252 F
1116 4209 1137 4269 (s
1147 4204 1306 4254 inemutota
1316 4208 1371 4270 cat).
1392 4234 1422 4241 -
