3409 4909
260 514 287 562 p.
307 494 355 546 Ch.
376 494 421 559 70)
546 500 548 504 ’
595 510 823 555 Hrsroamnuu
844 494 900 554 IV.
923 493 1050 558 79-83.
1324 492 1383 554 209

262 699 441 758 respergere
462 680 525 741 oris
546 685 759 741 excrementa.
789 679 882 741 Alius
904 699 1039 741 manum
1061 699 1167 757 aeger,
1189 679 1301 741 eodem
1323 679 1382 742 deo

263 782 407 855 auctore,
446 783 483 839 ut
514 778 595 857 pede
626 798 663 838 ac
694 778 828 855 vestigio
861 778 1005 839 Caesaris
1037 777 1230 854 calcaretur,
1261 778 1382 839 orabat.

262 876 481 955 Vespasianus
502 876 607 955 primo
629 875 766 936 inridere
788 876 967 955 aspernari,
989 879 1087 955 atque
1108 875 1173 936 illis
1187 875 1383 937 instantibus

263 974 361 1034 modo
382 973 503 1034 famam
525 973 679 1034 vanitatis
699 978 859 1050 metuere,
880 972 978 1034 modo
999 972 1219 1033 obsecratione
1239 973 1384 1051 ipsorum

226 1084 243 1136 5
263 1077 295 1132 et
322 1071 456 1133 vocibus
483 1071 689 1132 adulantium
714 1071 749 1130 in
770 1090 861 1150 spem
882 1069 1009 1131 induci:
1038 1075 1200 1149 postremo
1221 1070 1384 1131 aestimari

264 1190 283 1230 a
309 1169 442 1230 medicis
470 1170 575 1247 iubet,
604 1189 646 1229 an
671 1168 746 1229 talis
772 1168 908 1230 caecitas
929 1188 966 1229 ac
987 1167 1136 1229 debilitas
1157 1187 1218 1246 ope
1238 1168 1384 1228 humana

264 1267 462 1347 superabiles
483 1267 596 1329 forent.
625 1266 745 1328 Medici
764 1266 853 1328 varie
874 1266 1042 1327 disserere:
1070 1265 1147 1326 huic
1167 1285 1233 1327 non
1255 1271 1383 1327 exesam

263 1366 331 1427 vim
352 1365 487 1427 luminis
508 1370 540 1426 et
560 1364 753 1441 redituram,
775 1364 803 1424 si
823 1363 1019 1443 pellerentur
1036 1363 1213 1439 obstantia3
1234 1362 1283 1424 illi
1298 1362 1383 1442 elap-

264 1482 315 1525 sos
336 1464 371 1524 in
391 1483 528 1542 pravum
550 1468 655 1540 artus,
683 1463 711 1522 si
732 1461 940 1524 salubrioris
961 1461 1169 1536 adhibeatur,
1190 1480 1283 1540 posse
1303 1461 1383 1523 inte-

210 1571 245 1627 10
263 1561 363 1638 grari:
391 1560 426 1621 id
453 1560 588 1622 sortasse
614 1559 702 1622 cordi
730 1560 798 1620 deis
819 1564 851 1620 et
872 1559 983 1621 divino
1004 1559 1182 1620 ministerio
1203 1559 1382 1638 principem

264 1659 420 1737 electum,
449 1658 588 1738 denique
615 1658 735 1738 patrati
763 1656 896 1718 remedii
923 1657 1059 1734 gloriam
1079 1676 1177 1736 penes
1198 1657 1382 1733 Caesarem,

263 1756 346 1817 irriti
367 1756 546 1817 ludibrium
560 1775 658 1835 penes
673 1757 806 1817 miseros
821 1755 896 1817 fore.
919 1755 1022 1832 Igitur
1036 1755 1254 1834 Vespasianus
1269 1747 1384 1815 cuncta

264 1853 412 1915 fortunae
440 1872 516 1914 suae
544 1859 653 1933 patere
680 1858 769 1914 ratus
797 1853 1052 1932 necquicquam
1073 1852 1160 1913 ultra
1180 1852 1383 1930 incredibile,

264 1951 349 2012 laeto
374 1951 443 2030 ipse
464 1950 572 2028 voltU,
601 1955 721 2026 erecta,
750 1969 834 2028 quae
855 1950 1019 2027 adstabat,
1048 1950 1273 2028 multitudine,
1299 1950 1385 2011 iussa

211 2060 245 2112 15
265 2048 444 2128 exequitur.
466 2047 583 2109 Statim
604 2067 759 2109 conversa
779 2048 820 2108 ad
842 2067 938 2108 usum
960 2066 1076 2109 manus
1098 2068 1134 2109 ac
1155 2067 1249 2109 caeco
1267 2048 1386 2109 reluxit

265 2145 342 2206 dies.
374 2146 572 2225 Utrumque,
604 2146 661 2226 qui
692 2145 879 2222 interfuere,
910 2165 998 2206 nunc
1029 2165 1158 2225 quoque
1188 2150 1385 2224 memorant,

264 2250 447 2323 postquam
460 2244 589 2304 nullum
611 2243 780 2305 mendacio
801 2244 951 2322 pretium.
974 2244 1079 2305 Altior
1096 2244 1172 2304 inde
1186 2244 1386 2323 Vespasiano
1400 2246 1439 2305 82

265 2341 384 2419 cupido
422 2340 564 2402 adeundi
602 2360 727 2402 sacram
765 2341 890 2414 sedem,
928 2345 966 2402 ut
1003 2361 1100 2421 super
1134 2342 1229 2402 rebus
1259 2342 1386 2420 imperii

265 2439 454 2500 consuleret.
493 2439 603 2500 Arceri
640 2439 763 2517 templo
801 2444 933 2500 cunctos
970 2439 1061 2500 iubet
1097 2444 1194 2517 atque
1225 2440 1386 2517 ingressus

209 2549 246 2604 20
266 2537 474 2617 intentusque
512 2538 655 2616 numini,
694 2537 835 2616 respexit
873 2556 956 2616 pone
987 2542 1112 2614 tergum
1142 2556 1159 2597 e
1191 2536 1386 2616 primoribus

267 2635 500 2714 Aegyptiorum
537 2635 669 2695 nomine
700 2633 880 2711 Basiliden,
918 2652 1015 2713 quern
1046 2634 1159 2713 procul
1190 2632 1387 2694 Alexandria

266 2732 411 2811 plurium
433 2732 558 2794 dierum
579 2733 693 2794 itinere
714 2738 746 2793 et
766 2752 860 2809 aegro
882 2751 1012 2811 corpore
1034 2731 1170 2793 detineri
1190 2731 1279 2792 haud
1300 2732 1387 2809 igno·

266 2829 367 2890 rabat.
396 2830 607 2892 Percontatur
634 2830 829 2907 sacerdotes,
858 2848 938 2889 num
966 2828 1023 2890 illo
1051 2828 1103 2890 die
1131 2829 1286 2889 Basilides
1307 2834 1386 2889 tem-

267 2925 360 3005 plum
389 2927 501 2989 inisset
508 2948 516 3004 3
544 2932 752 3007 percontatur
779 2926 891 2989 obvios
898 2975 905 3004 ,
936 2946 1017 2987 num
1044 2927 1079 2988 in
1106 2927 1185 2988 urbe
1212 2928 1300 2989 visus
1328 2927 1385 3004 sit,

209 3039 247 3092 25
268 3024 408 3104 denique
438 3026 545 3087 missis
575 3025 739 3106 equitibus
770 3024 919 3103 explorat
949 3024 1006 3086 illo
1037 3025 1191 3104 temporis
1221 3032 1386 3086 momento

268 3124 430 3200 octoginta
457 3123 589 3184 milibus
617 3142 773 3202 passuum
801 3121 929 3183 afuisse.
958 3123 1049 3183 Tunc
1077 3121 1223 3186 divinam
1248 3122 1387 3201 speciem

268 3226 300 3281 et
321 3222 387 3283 vim
409 3222 553 3301 responsi
574 3241 615 3282 ex
635 3222 767 3282 nomine
787 3220 939 3281 Basilidis
960 3221 1188 3299 interpretatus
1210 3225 1265 3281 est.

310 3319 405 3397 Origo
426 3319 478 3381 dei
498 3319 646 3381 nondum
667 3318 784 3380 nostris
806 3319 992 3379 auctoribus
1013 3317 1186 3379 celebrata:
1215 3318 1387 3397 Aegyptio·
1401 3321 1440 3382 83

268 3438 342 3478 rum
370 3418 530 3479 antistites
557 3418 603 3478 sic
630 3421 820 3477 memorant.
849 3415 1033 3477 Ptolemaeo
1054 3416 1134 3493 regi,
1162 3415 1220 3494 qui
1240 3414 1387 3475 Macedo-

212 3528 250 3584 30
269 3535 349 3577 num
370 3516 494 3594 primus
516 3515 655 3594 Aegypti
676 3533 752 3593 opes
773 3512 930 3590 firmavit,
953 3519 1027 3574 cum
1049 3511 1264 3572 Alexandriae
1278 3530 1387 3573 recens

270 3613 419 3675 conditae
446 3614 574 3675 moenia
601 3612 788 3692 templaque
816 3616 849 3672 et
876 3610 1044 3688 religiones
1065 3609 1211 3687 adderet,
1240 3609 1387 3670 oblatum

288 3892 330 3941 γ1.
358 3906 506 3955 respergere
532 3890 648 3956 (pergere
671 3888 700 3938 in
723 3906 773 3939 raa.
798 3888 877 3953 serape
894 3905 925 3937 m.
946 3885 981 3946 2).
1011 3916 1043 3923 —
1063 3887 1087 3938 5.
1116 3884 1230 3935 estimari
1249 3885 1279 3935 F.
1309 3915 1339 3922 —
1362 3883 1386 3936 9.

730 3977 742 4010 s

269 4032 400 4099 integrare
417 4031 459 4083 Fl.
488 4062 521 4070 -
542 4030 583 4085 10.
608 4030 680 4082 cordi
698 4030 739 4082 dei
757 4031 787 4081 F.
807 4060 840 4067 —
862 4029 902 4080 14.
923 4028 1057 4079 adstabant
1075 4026 1118 4077 Fl.
1138 4056 1171 4063 -
1192 4025 1232 4078 16.
1253 4030 1345 4091 utrirq;
1365 4026 1388 4077 F

268 4122 343 4185 (corr.
369 4138 396 4171 er
418 4121 546 4186 utraque).
572 4148 605 4157 -
630 4120 670 4170 17.
696 4118 830 4170 mendacio
847 4118 871 4169 F
888 4124 993 4180 correct,
1013 4134 1040 4167 err
1058 4116 1211 4181 mendacia).
1239 4144 1271 4155 —-
1290 4115 1347 4181 ptiir
1365 4114 1387 4165 F

269 4212 300 4275 (si
318 4226 346 4258 ea
364 4226 379 4260 o
398 4211 480 4274 corn).
500 4239 534 4246 -
552 4208 595 4261 29.
615 4207 735 4258 antistitis
754 4207 796 4259 Fl.

304 4311 464 4351 coannnrus
482 4311 609 4349 merrus.
628 4297 680 4347 ΙΙΙ.
1250 4293 1283 4344 14
