3409 4909
344 462 402 524 190
767 479 907 522 connum
928 480 1039 522 ‘mmm
1315 466 1350 532 (a.
1371 480 1395 514 u.
1415 463 1466 517 823

341 652 460 708 stratus
491 654 522 709 et
553 648 732 709 sacerdotes
764 654 795 708 et
826 652 957 709 senatus
989 652 1020 708 et
1051 667 1148 727 eques
1180 653 1212 709 et
1243 668 1365 726 magna
1394 668 1467 727 pars

340 746 469 825 populi,
508 746 615 807 studio
653 745 840 824 laetitiaque
875 746 998 823 conixi,
1037 765 1154 806 saxum
1185 746 1298 823 ingens
1331 751 1467 807 traxere.

342 844 530 923 Passimque
561 845 696 905 iniectae
726 843 949 904 fundamentis
980 844 1104 920 argenti
1135 844 1271 923 aurique
1303 844 1405 923 stipes
1437 849 1469 905 et

254 973 256 978 ·
341 941 547 1002 metallorum
581 942 743 1020 primitiae
776 941 875 1001 nullis
904 940 1088 1001 fornacibus
1115 942 1236 1019 victae,
1273 941 1331 1002 sed
1359 946 1398 1002 ut
1425 943 1468 1020 gi-

340 1044 491 1115 gnuntur.
524 1039 714 1100 Praedixere
745 1038 948 1117 haruspiceS,
980 1058 1021 1099 ne
1048 1043 1259 1099 temeraretur
1280 1058 1365 1117 opus
1387 1053 1498 1105 sax05

340 1156 459 1197 aurove
480 1137 514 1197 in
535 1137 625 1198 aliud
640 1138 809 1198 destinato.
831 1136 981 1198 Altitudo
997 1136 1130 1198 aedibus
1146 1137 1279 1198 adiecta.
1303 1137 1344 1197 Id
1360 1137 1469 1199 solum

340 1234 450 1311 religio
488 1235 629 1296 adnuere
666 1241 697 1296 et
735 1235 848 1313 prioris
887 1234 1001 1314 templi
1035 1235 1293 1313 magnificentiae
1326 1235 1469 1297 defuisse

341 1333 538 1394 credebatur.

286 1432 326 1493 54
381 1431 503 1492 Audita
539 1432 668 1493 interim
707 1450 763 1510 per
794 1431 916 1491 Gallias
949 1431 1202 1510 Germaniasque
1233 1451 1321 1492 mors
1355 1432 1469 1493 Vitelli

340 1529 561 1608 duplicaverat
588 1529 720 1590 bellum.
751 1529 834 1588 Nam
863 1528 974 1590 Civilis
1003 1529 1122 1590 omissa
1148 1528 1414 1590 dissimulatione
1434 1530 1468 1590 in
1485 1539 1513 1594 10

339 1628 499 1707 populum
520 1628 704 1687 Romanum
726 1646 832 1703 ruere,
856 1626 1049 1687 Vitellianae
1069 1626 1210 1703 legiones
1224 1626 1277 1688 vel
1292 1633 1468 1704 externum

340 1725 507 1785 servitium
549 1744 648 1802 quarn
686 1724 912 1803 imperatorem
952 1724 1189 1803 Vespasianum
1226 1724 1335 1786 malle.
1380 1725 1469 1787 Galli

340 1822 537 1884 sustulerant
565 1823 705 1896 animos,
734 1821 871 1882 eandem
898 1821 1019 1901 ubique
1048 1822 1250 1883 exercituum
1278 1826 1468 1884 nostrorum

339 1920 501 1982 fortunam
525 1921 601 1998 rati,
623 1920 751 1997 volgato
773 1939 901 1980 rumore
923 1940 942 1979 a
962 1919 1117 1980 Sarmatis
1140 1920 1301 1999 Dacisque
1323 1920 1468 1981 Moesica

339 2038 376 2079 ac
398 2019 583 2079 Pannonica
603 2018 739 2079 hiberna
759 2017 995 2093 circumsideri3
1017 2018 1108 2096 paria
1129 2017 1168 2078 de
1183 2018 1355 2078 Britannia
1369 2018 1468 2097 finge-
1486 2030 1514 2083 15

338 2116 472 2177 bantur:
495 2117 550 2177 sed
571 2116 655 2176 nihil
676 2135 777 2195 aeque
798 2135 898 2195 quam
919 2115 1106 2176 incendium
1121 2116 1290 2193 Capitolii,
1313 2121 1352 2176 ut
1365 2116 1467 2177 finem

338 2215 462 2293 inperio
490 2214 600 2275 adesse
629 2214 808 2291 crederent,
836 2213 1008 2292 inpulerat.
1038 2213 1174 2291 Captum
1203 2213 1281 2273 olim
1312 2234 1332 2274 a
1361 2215 1467 2276 Gallis

338 2313 468 2389 urbem;
500 2312 554 2373 sed
585 2313 707 2389 integra
738 2312 826 2373 lovis
858 2311 932 2372 sede
963 2312 1121 2372 mansisse
1148 2312 1339 2391 imperium:
1373 2312 1468 2374 fatali

339 2429 425 2470 nunc
446 2409 518 2487 igne
540 2410 668 2486 signum
690 2409 834 2469 caelestis
848 2408 914 2469 irae
929 2408 1044 2469 datum
1059 2413 1090 2469 et
1104 2409 1341 2487 possessionem
1357 2430 1467 2471 rerum

339 2507 557 2567 humanarum
598 2506 818 2584 Transalpinis
859 2505 1008 2583 gentibus
1046 2506 1195 2584 portendi
1234 2508 1467 2586 superstitione
1484 2519 1516 2573 20

339 2625 423 2665 vana
451 2604 585 2665 druidae
613 2605 786 2681 canebant;
814 2605 1053 2684 incesseratque
1074 2605 1161 2665 fama
1182 2606 1341 2684 primores
1364 2607 1467 2669 Galli-

338 2724 431 2763 arum
469 2703 509 2763 ab
548 2703 676 2763 Othone
714 2702 868 2763 adversus
907 2702 1077 2764 Vitellium
1116 2704 1246 2781 missos,
1285 2710 1467 2785 antequam

338 2801 593 2878 digrederentur,
622 2801 795 2879 pepigisse,
824 2820 864 2861 ne
893 2800 1040 2861 deessent
1065 2801 1222 2878 libertati,
1251 2802 1279 2861 si
1300 2803 1467 2882 populum

339 2900 522 2960 Romanum
544 2899 698 2959 continua
719 2899 865 2958 civilium
886 2898 1047 2959 bellorum
1069 2900 1165 2960 series
1187 2905 1218 2961 et
1232 2899 1361 2961 interna
1378 2903 1467 2963 mala

285 3001 323 3062 55
339 2996 515 3073 fregissent.
537 2999 622 3056 Ante
643 2996 750 3056 Flacci
772 2996 951 3057 Hordeonii
966 2996 1097 3057 caedem
1112 2996 1196 3057 nihil
1210 2998 1376 3077 prorupit,
1400 3018 1465 3078 quo
1482 3008 1513 3063 25

339 3095 517 3155 coniuratio
548 3094 799 3172 intellegeretur:
831 3094 999 3155 interfecto
1026 3094 1215 3155 Hordeonio
1241 3113 1465 3158 commeavere

338 3192 446 3252 nuntii
473 3192 556 3252 inter
584 3192 720 3251 Civilem
746 3192 1005 3270 Classicumque,
1034 3192 1234 3271 praefectum
1256 3191 1326 3253 alae
1349 3194 1465 3255 Treve-

338 3309 456 3351 rorum.
478 3289 638 3349 Classicus
659 3289 827 3350 nobilitate
849 3290 1030 3368 opibusque
1051 3294 1126 3351 ante
1149 3289 1243 3350 alios:
1266 3291 1395 3367 regium
1416 3292 1465 3351 illi

337 3408 437 3465 genus
466 3393 497 3448 et
524 3407 603 3465 pace
630 3387 779 3465 belloque
807 3386 893 3447 clara
920 3388 1023 3464 orig03
1052 3387 1121 3465 ipse
1150 3405 1166 3446 e
1195 3387 1375 3447 maioribus
1397 3389 1464 3449 suis

338 3487 439 3548 hostis
468 3484 581 3565 populi
609 3486 747 3545 Romani
775 3504 875 3563 quam
903 3486 1004 3545 socios
1032 3484 1182 3545 iactabat.
1212 3484 1371 3546 Miscuere
1396 3505 1464 3547 sese
1481 3497 1513 3552 30

338 3682 498 3689 -.—.—-.

373 3825 397 3876 3.
417 3824 449 3874 In
462 3821 464 3893 Ι
476 3825 541 3874 lecte
559 3824 601 3874 Fl.
623 3854 655 3860 -
675 3832 700 3874 et
719 3824 776 3873 anri
795 3840 845 3889 quc
864 3824 894 3874 F.
917 3824 983 3875 -5,
1004 3822 1141 3888 signantur
1155 3821 1157 3893 l
1169 3823 1199 3873 F.
1221 3822 1289 3875 -8.
1309 3824 1466 3876 credebatur

338 3914 490 3964 Doederlein
508 3915 583 3965 crede
602 3914 624 3964 F
644 3918 683 3979 (ej.
704 3914 737 3963 ad
761 3912 874 3978 18428).
896 3942 928 3950 —
946 3911 969 3964 9.
990 3920 1015 3963 et
1035 3912 1197 3978 germanisq;
1217 3913 1288 3980 F(cj.
1311 3912 1410 3979 1903).
1431 3943 1464 3951 —

341 4004 380 4053 ll.
400 4003 563 4068 uolgatorum
582 4019 653 4052 more
672 4003 702 4052 F.
724 4031 755 4038 -
778 4003 817 4053 15.
837 4001 906 4051 circii
925 4001 1018 4052 sederit
1037 4000 1078 4052 Fl.
1101 4030 1132 4038 -
1154 4002 1194 4054 16.
1214 4001 1338 4066 capitolin
1358 4002 1462 4070 met

338 4097 391 4156 est).
412 4123 444 4129 —
457 4093 498 4144 19.
519 4110 565 4158 pos
578 4090 581 4160 1
593 4092 663 4142 sion'o
674 4092 705 4141 F.
720 4120 752 4127 -
763 4089 805 4142 20.
825 4091 1006 4156 superstitione
1016 4100 1083 4139 nana
1093 4089 1135 4140 Fl.
1153 4120 1185 4126 -
1196 4088 1337 4141 2l.druuid
1350 4108 1364 4165 e
1376 4092 1407 4142 F.
1430 4120 1463 4129 —

338 4181 379 4234 30.
400 4181 480 4231 socios
499 4180 608 4231 Mercier
626 4180 708 4230 socius
727 4179 757 4229 F.
778 4209 810 4215 -
