3409 4909
312 460 370 525 170
737 480 878 523 ooanam
899 480 1010 523 racrrr
1279 467 1314 530 (a.
1335 464 1430 519 11822

309 647 394 707 tium
421 647 527 725 signa,
555 647 631 709 inde
660 648 870 728 depromptae
898 648 988 710 silvis
1016 649 1162 729 lucisque
1190 649 1331 710 ferarum
1354 650 1431 710 ima-

308 746 411 823 gines,
440 751 476 806 ut
505 746 621 826 cuique
648 746 735 823 genti
760 746 841 807 inire
863 747 1023 827 proelium
1044 766 1114 808 mos
1136 752 1200 825 est,
1228 748 1335 808 mixta
1355 747 1431 809 belli
1471 749 1472 752 ’

310 843 413 904 civilis
445 845 633 923 externique
664 844 760 921 facie,
793 844 1072 924 obstupefecerant
1094 845 1246 906 obsessos.
1277 846 1320 905 Et
1341 865 1431 925 spem

310 940 569 1020 obpugnantium
590 942 729 1019 augebat
749 943 932 1022 amplitudo
954 943 1047 1021 valli,
1077 942 1164 1022 quod
1186 942 1315 1004 duabus
1336 943 1431 1021 legio-

310 1039 405 1100 nibus
445 1040 543 1100 situm
581 1041 638 1102 vix
675 1041 819 1120 quinque
858 1040 948 1101 milia
979 1047 1177 1103 armatorum
1208 1042 1463 1104 Romanorumo

310 1137 485 1216 tuebantur
492 1159 499 1215 ;
528 1138 584 1198 sed
611 1138 753 1199 lixarum
782 1138 959 1200 multitudo
987 1139 1117 1200 turbata
1144 1159 1223 1218 pace
1251 1139 1331 1200 illuc
1359 1158 1432 1200 con-

257 1234 295 1295 23
309 1241 438 1313 gregata
465 1242 497 1297 et
524 1235 609 1296 bello
637 1236 786 1297 ministra
814 1236 933 1298 aderat.
962 1238 1038 1297 Pars
1060 1243 1237 1298 castrorum
1259 1238 1294 1298 in
1316 1238 1433 1300 collem

309 1333 424 1394 leniter
445 1353 634 1411 exsurgenS,
657 1354 731 1413 pars
752 1353 856 1414 aequo
877 1334 1035 1396 adibatur.
1059 1334 1186 1415 Quippe
1208 1335 1272 1395 illis
1287 1335 1432 1397 hibernis

310 1430 448 1492 obsideri
486 1432 653 1512 premique
692 1432 881 1493 Germanias
916 1434 1082 1510 Augustus
1113 1432 1292 1494 crediderat
1327 1453 1432 1514 neque

308 1548 467 1607 umquam
488 1528 522 1588 id
544 1529 720 1607 malorum,
743 1535 780 1591 ut
801 1530 1025 1609 obpugnatum
1046 1531 1131 1592 ultro
1149 1531 1289 1609 legiones
1306 1537 1432 1592 nostras
1451 1541 1478 1594 10

309 1627 471 1688 venirent:
499 1627 575 1688 inde
603 1648 669 1689 non
697 1629 768 1689 loco
796 1648 901 1708 neque
928 1629 1139 1689 munimentis
1166 1628 1258 1689 labor
1283 1628 1431 1706 additus;

309 1726 358 1786 vis
386 1730 418 1786 et
445 1744 535 1785 arma
564 1726 641 1788 satis
669 1726 849 1806 placebant.
880 1727 995 1789 Batavi
1016 1727 1338 1807 Transrhenanique,
1367 1747 1431 1807 quo

309 1822 445 1883 discreta
477 1824 579 1885 virtus
611 1824 815 1886 manifestius
843 1830 1057 1905 spectaretur,
1090 1825 1151 1886 sibi
1179 1844 1328 1904 quaeque
1355 1845 1432 1903 gens

309 1923 505 2000 consistunt,
534 1923 661 1984 eminus
688 1924 896 1985 lacessentes:
925 1929 999 2004 post
1026 1923 1082 1984 ubi
1110 1924 1263 2003 pleraque
1290 1923 1432 1985 telorum

309 2020 450 2080 turribus
488 2021 661 2101 pinnisque
698 2022 865 2083 moenium
902 2022 992 2082 irrita
1022 2021 1200 2082 haerebant
1230 2025 1263 2081 et
1293 2021 1433 2101 desuper
1449 2032 1474 2083 15

309 2118 396 2178 saxis
417 2119 683 2197 volnerabantur,
706 2120 844 2180 clamore
867 2124 963 2198 atque
985 2120 1109 2198 impetu
1128 2119 1274 2180 invasere
1288 2119 1430 2196 vallum,

309 2216 465 2294 adpositis
486 2217 631 2297 plerique
652 2218 762 2295 scaliS,
791 2217 847 2277 alii
868 2237 924 2297 per
945 2217 1140 2279 testudinem
1163 2236 1312 2294 suorum3
1342 2237 1431 2278 scan-

309 2313 492 2391 debantque
520 2315 587 2375 iam
614 2315 765 2394 quidam,
798 2334 874 2375 curn
902 2315 1017 2392 gladiis
1046 2319 1078 2376 et
1106 2333 1270 2375 armorum
1298 2315 1431 2376 incussu

309 2412 511 2492 praecipitati
533 2412 667 2474 sudibus
689 2419 720 2475 et
741 2413 816 2492 pilis
838 2413 1035 2489 obruuntur,
1064 2412 1262 2492 praeferoces
1283 2412 1379 2474 initio
1401 2418 1431 2473 et

309 2508 403 2570 rebus
435 2510 584 2571 secundis
615 2510 717 2571 nimii.
750 2510 812 2571 Sed
842 2516 915 2572 turn
946 2510 1083 2589 praedae
1114 2509 1266 2588 cupidine
1295 2509 1432 2571 adversa
1446 2520 1473 2574 20

309 2627 438 2687 quoque
468 2608 657 2669 tolerabant.
690 2609 858 2670 Machinas
890 2609 1003 2687 etiam,
1035 2607 1204 2669 insolitum
1232 2607 1311 2685 sibi,
1343 2610 1415 2669 ausi
1422 2629 1429 2686 3

308 2725 366 2766 nec
387 2706 456 2766 ulla
477 2707 555 2785 ipsis
577 2706 734 2768 sollertia:
756 2706 908 2786 perfugae
929 2706 1114 2785 captivique
1135 2704 1294 2766 docebant
1309 2711 1430 2767 struere

297 2804 458 2864 materias
486 2805 519 2864 in
547 2804 683 2865 modurn
711 2806 835 2884 pontia,
864 2824 942 2865 mox
963 2804 1114 2864 subiectis
1135 2804 1213 2864 rotis
1235 2804 1429 2883 propellere,

309 2907 346 2963 ut
374 2902 428 2962 alii
450 2907 669 2981 superstantes
690 2907 860 2982 tamquam
882 2922 924 2962 cx
944 2921 1055 2980 aggere
1076 2901 1326 2981 proeliarentur,
1356 2922 1429 2981 pars

308 3000 396 3059 intus
425 3000 543 3061 occulti
570 3020 679 3061 muros
708 3001 907 3061 subruerent.
937 2999 1000 3060 Sed
1027 3018 1162 3060 excussa
1189 2998 1328 3060 ballistis
1351 3019 1429 3061 saxa
1444 3012 1472 3065 a

309 3102 448 3157 stravere
469 3098 605 3159 informe
621 3117 701 3177 opus
710 3119 717 3174 3
740 3103 772 3158 et
786 3103 887 3158 crates
902 3098 1077 3176 vineasque
1092 3096 1281 3176 parantibus
1297 3096 1430 3159 adactae

308 3195 477 3255 tormentis
498 3196 645 3257 ardentes
660 3196 785 3272 hastae,
807 3195 957 3275 ultroque
972 3195 1034 3273 ipsi
1049 3194 1285 3274 obpugnatores
1300 3195 1429 3273 ignibus

309 3292 515 3370 petebantur,
538 3293 639 3354 donec
660 3293 828 3372 desperata
843 3294 875 3354 vi
890 3298 1051 3354 verterent
1064 3292 1236 3353 eonsilium
1251 3291 1293 3352 ad
1308 3312 1428 3370 moras,

309 3389 397 3450 haud
426 3391 528 3467 ignari
555 3410 733 3469 paucorum
762 3390 888 3451 dierum
915 3391 1018 3451 inesse
1047 3390 1201 3451 alimenta
1229 3395 1261 3451 et
1287 3392 1430 3453 multum

345 3658 368 3706 l.
394 3657 516 3723 lucisque]
542 3657 656 3722 qusque
681 3656 704 3706 F
728 3658 757 3721 cs.
785 3654 881 3709 13320
905 3657 939 3707 cd
962 3674 1063 3706 aeream
1081 3656 1316 3724 signa—imagines
1334 3658 1364 3707 ia
1382 3676 1428 3725 my.

309 3746 440 3811 adscripsit
459 3764 489 3795 m.
509 3764 556 3796 rec.
576 3745 600 3795 d.
621 3762 643 3795 a.
673 3775 705 3781 -
725 3746 749 3797 3.
775 3745 844 3796 ciuili
869 3746 899 3796 F.
929 3777 962 3783 —
982 3748 1005 3798 5.
1032 3746 1210 3797 Romanorum
1230 3764 1286 3797 crem
1304 3747 1359 3798 cdd.
1379 3764 1428 3814 aeq.

308 3834 391 3884 orrr'iait
409 3834 488 3900 Nipp.
509 3865 542 3872 —
562 3834 586 3885 9.
610 3821 714 3903 pmiql3
734 3835 763 3900 cs.
785 3833 888 3886 16914.
910 3863 942 3871 -
962 3832 1013 3899 aug
1031 3834 1061 3884 F.
1082 3863 1115 3871 -
1134 3835 1174 3885 17.
1194 3833 1327 3885 tustudine
1345 3835 1376 3886 F.
1398 3864 1428 3872 -

311 3923 350 3975 18.
371 3924 545 3989 scandebanq;
565 3924 588 3974 F
608 3954 640 3960 —
660 3922 702 3974 23.
722 3922 817 3989 pontis]
838 3924 1005 3989 expectaneria
1017 3923 1109 3987 turris,
1128 3922 1274 3973 aoaarrllam
1284 3923 1429 3991 anulopiam

304 4012 408 4078 praebet
426 4013 496 4063 Ana.
516 4014 573 4064 aa]
596 4012 701 4078 quidam
721 4012 806 4077 pontis
825 4019 849 4061 et
869 4011 1080 4062 scalas—inferre
1098 4011 1306 4076 propugnaculis.
1333 4041 1366 4049 —
1387 4010 1427 4064 25.

388 4117 399 4150 s
897 4100 915 4149 h
1241 4117 1245 4128 ·

308 4172 400 4223 occulti
420 4173 442 4237 (s
460 4172 507 4222 del.
528 4173 580 4232 eat).
602 4202 633 4208 —
654 4189 728 4222 muro
748 4172 778 4222 F.
798 4201 831 4208 -
852 4170 894 4223 25.
915 4179 969 4239 aste
988 4171 1017 4236 (h
1035 4171 1093 4221 odd.
1113 4189 1145 4221 m.
1165 4168 1200 4230 21.
