3409 4909
293 481 319 530 p.
340 463 387 514 Ch.
407 463 453 529 to)
628 480 855 523 nrsroaranuu
877 462 933 522 IV.
955 464 1082 526 44-47.
1161 477 1164 482 ·
1357 462 1413 524 185

294 647 464 708 retinenda
491 653 567 709 erat.
596 649 762 726 Ingressus
790 654 894 710 castra
919 650 1107 727 Mucianus,
1136 669 1200 729 quo
1222 651 1338 710 rectius
1360 650 1414 710 sti-

294 745 413 824 pendia
441 746 641 823 singulorum
665 751 838 825 spectaret,
868 747 934 808 suis
956 767 1030 807 curn
1052 748 1231 825 insignibus
1253 748 1414 827 armisque

293 843 431 904 victores
458 844 641 920 constituit,
670 844 806 905 modicis
833 845 917 905 inter
945 864 978 905 se
1003 846 1116 924 spatiis
1138 845 1300 906 discretos.
1330 847 1414 906 Turn
1429 892 1481 942 HL
1502 891 1527 945 63

294 942 477 1019 Vitelliani,
500 962 581 1021 quos
602 942 690 1021 apud
710 943 853 1005 Bovillas
869 944 903 1003 in
918 942 1116 1004 deditionem
1131 950 1278 1023 acceptos
1293 964 1412 1005 memo·
1438 962 1487 1015 1v⁸
1507 961 1527 1014 2

258 1041 453 1117 oravimus,
492 1040 652 1120 ceterique
683 1060 747 1119 ‚per
783 1041 898 1102 urbem
936 1046 967 1102 et
998 1041 1070 1102 urbi
1101 1042 1208 1102 vicina
1240 1042 1413 1120 conquisiti

293 1138 519 1217 producuntur
545 1158 644 1217 prope
664 1139 785 1200 intecto
806 1158 953 1218 corpore:
982 1158 1036 1200 eos
1057 1140 1229 1201 Mucianus
1251 1140 1362 1201 diduci
1382 1145 1414 1200 et

294 1235 524 1296 Germanicum
555 1236 845 1314 Britannicumque
876 1237 1030 1313 militem,
1063 1256 1099 1297 ac
1132 1237 1158 1297 si
1190 1238 1246 1315 qui
1275 1237 1413 1297 aliorum

293 1334 511 1410 exercituum,
540 1335 713 1413 separatim
741 1334 894 1395 adsistere
922 1334 1020 1395 iubet.
1050 1334 1129 1395 iilos
1157 1336 1281 1413 primus
1303 1336 1414 1396 statim

293 1435 443 1509 aspectus
465 1432 736 1511 obstupefecerat,
758 1452 833 1493 curn
855 1452 895 1492 ex
917 1432 1042 1493 diverso
1064 1431 1154 1493 velut
1175 1434 1276 1494 aciem
1294 1433 1367 1493 telis
1383 1438 1414 1493 et

239 1543 274 1597 10
293 1529 392 1589 armis
420 1534 560 1607 trucem,
589 1536 690 1591 semet
718 1530 844 1591 clausos
868 1530 1038 1609 nudosque
1060 1513 1098 1592 et⁸
1111 1530 1234 1592 inluvie
1255 1531 1413 1592 deformes

292 1626 486 1704 aspicerent:
518 1634 555 1688 ut
585 1647 660 1688 vero
691 1627 755 1688 huc
783 1627 861 1688 illuc
889 1627 1025 1688 distrahi
1053 1647 1200 1708 coepere,
1232 1634 1336 1689 metus
1358 1648 1415 1707 per

293 1742 406 1784 omnes
428 1730 459 1785 et
480 1726 653 1804 praecipua
675 1726 859 1786 Germanici
880 1726 993 1786 militis
1015 1725 1168 1804 formid0,
1190 1730 1359 1806 tamqnam
1377 1746 1414 1786 ea

293 1822 497 1900 separatione
535 1822 576 1882 ad
607 1822 736 1883 caedem
769 1823 1014 1883 destinarentur.
1054 1825 1207 1884 Prensare
1239 1825 1414 1885 commani-

293 1918 459 1997 pularium
480 1925 625 1998 pectora,
647 1920 824 1981 cervicibus
843 1921 980 1997 innecti,
1002 1940 1153 2000 suprema
1168 1922 1277 1982 oscula
1291 1928 1413 2001 petere3

237 2032 273 2084 15
293 2036 335 2077 ne
372 2017 592 2078 desererentur
630 2020 689 2079 soli
728 2039 791 2080 neu
826 2020 896 2098 pari
928 2038 1026 2079 causa
1057 2020 1218 2099 disparem
1250 2021 1414 2081 fortunam

292 2118 481 2193 paterentur
489 2163 496 2192 ,
528 2116 624 2176 modo
656 2117 862 2193 Mucianum,
895 2118 992 2180 modo
1024 2118 1190 2179 absentem
1221 2119 1413 2197 principem,

292 2217 495 2290 postremum
523 2214 648 2274 caelum
670 2234 706 2275 ac
728 2214 803 2275 deos
825 2215 994 2294 obtestari,
1023 2216 1125 2277 donec
1148 2216 1316 2277 Mucianus
1338 2236 1414 2277 cun-

293 2312 362 2369 ctos
383 2309 528 2370 eiusdem
549 2312 755 2389 sacramenti,
777 2312 923 2374 eiusdem
944 2315 1147 2393 imperatoris
1169 2315 1287 2375 milites
1305 2315 1414 2394 appel-

293 2406 365 2468 lans
393 2407 474 2469 falso
502 2409 610 2469 timori
639 2409 769 2470 obviam
797 2411 866 2471 iret.
896 2412 1044 2491 Namque
1072 2417 1104 2473 et
1132 2413 1234 2473 victor
1255 2413 1414 2473 exercitus

235 2519 275 2573 20
293 2504 434 2566 clamore
455 2506 603 2567 lacrimas
625 2527 736 2567 eorum
757 2509 900 2570 iuvabat.
922 2510 1019 2588 isque
1041 2510 1114 2570 finis
1137 2510 1194 2570 illa
1215 2510 1274 2570 die.
1298 2511 1412 2570 Paucis

293 2608 368 2681 post
390 2603 502 2665 diebus
524 2605 754 2683 adloquentem
776 2607 1001 2667 Domitianum
1023 2607 1141 2667 firmati
1163 2608 1229 2667 iarn
1244 2627 1412 2686 excepere:

293 2707 452 2779 spernunt
479 2702 603 2763 oblatos
625 2704 913 2781 agros„militiam
934 2710 967 2765 et
987 2704 1149 2783 stipendia
1170 2712 1271 2765 orant.
1301 2705 1412 2765 Preces

294 2804 401 2884 erant,
423 2799 478 2860 sed
500 2801 618 2880 quibus
640 2800 816 2862 contradici
831 2822 897 2862 non
911 2808 1027 2882 posset.
1050 2802 1153 2879 Igitur
1167 2804 1201 2862 in
1216 2803 1412 2881 praetorium

293 2899 433 2978 accepti;
462 2898 536 2959 dein
564 2900 682 2978 quibus
710 2904 797 2959 aetas
825 2905 858 2960 et
878 2901 964 2962 iusta
985 2900 1162 2979 stipendia,
1192 2900 1316 2961 dimissi
1339 2920 1412 2961 cum

236 3010 273 3062 25
293 2994 431 3070 honore,
460 2996 516 3056 alii
540 2997 581 3057 ob
602 2997 749 3076 culpam,
778 2997 834 3058 sed
856 2999 992 3077 carptim
1014 3018 1051 3059 ac
1072 2999 1205 3076 singuli;
1235 3018 1299 3077 quo
1323 2999 1414 3059 tutis-

293 3093 376 3154 simo
397 3093 539 3155 remedio
561 3114 733 3155 consensus
756 3096 976 3158 multitudinis
998 3102 1200 3157 extenuatur.

334 3190 484 3252 Ceterum
523 3212 639 3253 verane
677 3193 830 3272 pauperie
869 3214 909 3254 an
942 3195 991 3255 uti
1024 3194 1199 3270 videretur,
1240 3199 1348 3255 actum
1380 3194 1414 3253 in
1428 3202 1467 3265 47

293 3498 384 3548 ‹leiadc
402 3504 475 3548 tanta
493 3497 534 3548 uis
552 3499 582 3566 (c.
602 3498 648 3563 46)
667 3516 746 3565 usqae
765 3499 799 3548 od
817 3516 935 3550 sermone
953 3516 1038 3550 orasse
1058 3509 1087 3567 (c.
1109 3501 1142 3552 52
1158 3518 1185 3566 p.
1208 3498 1312 3564 18826)
1323 3499 1413 3549 deinde

292 3586 425 3636 dicebatur
451 3587 542 3637 deinde
570 3588 659 3638 audita
686 3588 791 3638 interim
819 3589 848 3655 (c.
875 3589 910 3640 54
931 3607 958 3655 p.
987 3588 1083 3654 1909).
1113 3589 1254 3638 Dicebatur
1279 3595 1362 3638 autem-
1386 3605 1413 3637 ea

293 3676 374 3726 altera
388 3682 462 3741 porte
480 3676 599 3742 drbeerpti
616 3677 735 3727 rrocabuli
753 3676 904 3727 credebatur
922 3678 986 3727 malo
1005 3678 1101 3744 expleto
1119 3685 1206 3728 antam
1225 3684 1266 3727 cat.
1295 3675 1412 3727 Ordinem

292 3764 401 3815 restituit
410 3764 533 3831 Agricola
538 3782 548 3826 ,·
568 3768 677 3830 pecnnia
687 3761 836 3833 (terrebat)
847 3764 990 3816 Boetticber
999 3766 1108 3831 pecunia
1119 3764 1261 3828 (terrebat,
1281 3764 1321 3834 si>
1332 3765 1412 3831 Nipp.

329 3854 353 3905 τ’).
374 3852 449 3903 nrbes
467 3855 491 3918 (s
509 3854 557 3903 dcl.
577 3853 621 3918 eat)
641 3854 671 3903 F.
693 3883 725 3890 —
741 3853 854 3918 aquisito
873 3854 895 3904 F
897 3852 914 3905 1.
937 3884 968 3892 -
988 3854 1012 3907 8.
1033 3855 1144 3921 separati
1157 3855 1186 3905 F.
1209 3884 1239 3891 —
1254 3855 1293 3906 13.
1313 3870 1414 3920 sepera-

292 3942 363 3992 tione
382 3942 412 3991 F.
434 3971 465 3978 -
486 3941 660 3992 destinaretur
679 3943 709 3992 F.
731 3971 762 3979 -
784 3943 824 3993 14.
846 3945 969 4008 „fortasse
988 3951 1045 3994 aitte
1063 3952 1168 4009 pectora
1187 3943 1275 3993 excidit
1294 3942 1413 3992 dexteras

291 4084 452 4149 complecti.”
477 4084 558 4150 Nipp.
588 4113 621 4123 -
646 4050 736 4135 Innecti.
766 4115 798 4121 -
825 4087 865 4136 lo.
894 4084 1116 4149 pauricausaF1
1135 4087 1163 4149 cf.
1186 4084 1288 4137 181.10.
1319 4114 1350 4122 -—
1372 4084 1412 4136 18.

292 4172 417 4239 eiusdem]
436 4172 491 4223 eius
509 4173 539 4223 F.
561 4203 592 4210 —-
613 4172 655 4223 22.
675 4190 763 4238 preces
781 4174 864 4240 erant]
884 4178 1031 4238 pcesserant
1049 4174 1079 4225 F.
1101 4204 1133 4211 —
1153 4174 1195 4227 25.
1216 4175 1277 4241 quo]
1298 4173 1366 4239 quod
1382 4173 1412 4223 F.
