3409 4909
311 461 368 523 188
730 479 871 522 oonxnnr
893 479 1004 523 rnerrr
1282 465 1317 531 (a.
1338 481 1363 514 u.
1382 462 1430 517 823

309 647 423 708 vinciri
445 648 541 710 iussit
562 649 722 729 (proprias
744 648 784 709 ob
806 648 1004 726 simultates;
1034 649 1089 709 sed
1111 649 1238 710 Pisonis
1259 648 1432 711 satellitem

308 746 458 823 vocabat)
490 747 674 825 militesque
705 751 737 807 et
767 747 970 807 centuriones
1003 746 1162 825 quosdam
1184 747 1320 826 puniit,
1355 746 1433 808 alios

308 845 460 921 praemiis
491 844 623 922 adfecit,
655 848 809 904 neutrum
841 863 882 905 ex
913 844 1047 919 merito,
1079 844 1134 904 sed
1166 849 1205 903 ut
1236 844 1433 922 obpressisse

308 941 431 1002 bellum
459 942 647 1003 crederetur.
677 942 755 1002 Mox
784 942 959 1002 Oeensium
981 942 1293 1021 Leptitanorumque
1317 941 1434 1002 discor-

309 1039 378 1099 dias
406 1041 587 1119 componit,
616 1060 698 1119 quae
727 1044 823 1118 raptu
851 1039 981 1116 frugum
1009 1046 1041 1101 et
1069 1059 1223 1118 pecorum
1252 1041 1268 1107 <
1270 1043 1329 1117 ut>
1350 1040 1465 1107 inter5

308 1146 462 1216 agrestes,
499 1138 635 1199 modicis
673 1138 857 1217 principiis,
895 1139 961 1197 iam
999 1158 1056 1217 per
1095 1158 1185 1198 arma
1220 1143 1319 1216 atque
1351 1138 1434 1198 acies

309 1237 547 1298 exercebantur.
585 1238 669 1297 Nam
707 1235 848 1315 populus
888 1235 1019 1296 Oeensis
1058 1234 1268 1295 multitudine
1302 1234 1435 1295 inferior

310 1334 524 1396 Garamantas
552 1336 729 1411 exciverat,
758 1340 885 1410 gentem
913 1334 1109 1395 indomitam
1138 1338 1169 1394 et
1196 1333 1281 1394 inter
1308 1331 1434 1393 accolas

308 1432 484 1493 latrociniis
519 1433 701 1493 fecundam.
741 1432 836 1492 Unde
867 1437 955 1492 artae
986 1431 1166 1511 Leptitanis
1197 1450 1264 1507 res,
1304 1429 1435 1508 lateque

309 1532 443 1592 vastatis
475 1532 557 1608 agris
587 1532 672 1592 intra
704 1531 832 1591 moenia
862 1530 1085 1610 trepidabant,
1117 1529 1219 1590 donec
1246 1529 1480 1597 interventum

309 1628 491 1689 cohortium
528 1628 718 1707 alarumque
757 1628 821 1688 fusi
860 1629 1072 1689 Garamantes
1104 1632 1135 1688 et
1165 1633 1296 1706 recepta
1329 1628 1435 1687 omnis

309 1725 445 1805 praeda,
467 1727 530 1786 nisi
552 1746 650 1803 quam
673 1726 746 1802 vagi
767 1746 823 1804 per
844 1726 1007 1786 inaccessa
1028 1725 1206 1803 mapalium
1222 1724 1433 1785 ulterioribus

309 1823 531 1884 vendiderant.

255 1920 292 1981 51
349 1923 392 1981 At
423 1922 622 2000 Vespasiano
653 1926 726 1999 post
754 1921 1003 1982 Cremonensem
1031 1939 1175 1999 pugnam
1203 1923 1235 1980 et
1262 1939 1437 1999 prosperos

309 2018 454 2096 undique
482 2020 613 2079 nuntios
641 2018 793 2079 cecidisse
822 2018 991 2078 Vitellium
1012 2018 1109 2079 multi
1131 2018 1288 2097 cuiusque
1311 2017 1435 2080 ordinis
1454 2030 1481 2083 15

309 2116 379 2197 pari
400 2115 535 2176 audacia
556 2116 749 2194 fortunaque
770 2116 944 2202 hibernum
966 2135 1053 2176 mare
1075 2116 1215 2193 adgressi
1229 2117 1435 2177 nuntiavere.

309 2212 453 2273 Aderant
471 2213 567 2291 legati
582 2214 662 2290 regis
678 2214 847 2290 Vologaesi
862 2213 1076 2291 quadraginta
1092 2213 1221 2292 <milia>
1236 2213 1436 2275 Parthorum

310 2312 456 2389 equitum
484 2312 661 2372 offerentes
691 2311 901 2387 Magnificum
929 2311 1117 2390 laetumque
1145 2312 1244 2371 tantis
1270 2312 1435 2373 sociorum

309 2408 440 2468 auxiliis
477 2409 594 2480 ambiri
630 2428 734 2486 neque
772 2408 929 2485 indigere:
968 2410 1089 2486 gratiae
1128 2408 1307 2485 Vologaeso
1343 2415 1437 2471 actae

309 2506 581 2585 mandatumque,
613 2512 650 2567 ut
680 2507 801 2583 legatos
833 2507 875 2567 ad
906 2512 1056 2568 senatum
1087 2507 1229 2568 mitteret
1256 2511 1289 2567 et
1318 2526 1436 2585 pacem
1453 2519 1481 2574 20

309 2622 377 2663 esse
408 2604 510 2664 sciret.
543 2604 761 2682 Vespasianus
789 2604 823 2663 in
850 2604 983 2664 ltaliam
1011 2622 1125 2682 resque
1152 2603 1241 2663 urbis
1270 2603 1435 2681 intentus,

308 2700 476 2761 adversam
506 2700 545 2761 de
569 2702 756 2762 Domitiano
778 2702 901 2761 famam
923 2702 1055 2780 accipit,
1084 2706 1253 2779 tamquam
1276 2702 1435 2761 terminos

310 2799 423 2858 aetatis
461 2805 492 2859 et
530 2819 679 2860 concessa
713 2799 779 2859 filio
811 2799 1021 2876 egrederetur.
1060 2799 1163 2875 Igitur
1193 2798 1436 2860 validissimam

310 2897 468 2957 exercitus
496 2902 620 2975 partem
649 2898 721 2957 Tito
745 2898 844 2958 tradit
866 2897 907 2957 ad
929 2897 1052 2975 reliqua
1073 2896 1200 2957 Iudaici
1220 2891 1299 2957 belli
1321 2915 1436 2975 perpe

256 2998 294 3058 52
309 2994 433 3054 tranda.
462 2995 589 3070 Titum,
618 3000 793 3074 antequam
815 2995 1047 3072 digrederetur,
1071 2995 1174 3055 multo
1195 2993 1284 3073 apud
1306 2999 1435 3073 patrem
1453 3011 1481 3065 25

309 3110 454 3152 sermone
502 3112 608 3153 orasse
651 3093 774 3170 ferunt,
821 3114 859 3154 ne
899 3093 1132 3155 criminantium
1172 3091 1289 3152 nuntiis
1331 3101 1437 3153 temere

309 3189 513 3250 accenderetur
538 3190 745 3268 integrumque
770 3211 799 3251 ae
820 3191 1055 3269 deplorabilem
1071 3190 1140 3271 filio
1157 3199 1334 3269 praestaret.
1365 3191 1436 3251 Non

311 3286 435 3363 legiones
442 3336 449 3365 ,
481 3308 542 3348 non
572 3287 676 3348 clames
702 3288 828 3366 perinde
852 3289 949 3367 firma
981 3289 1088 3367 imperi
1117 3288 1309 3348 munimenta
1341 3308 1436 3366 quam

308 3405 468 3445 numerum
490 3386 658 3446 liberorum.
686 3386 770 3445 Nam
791 3388 903 3447 amicos
925 3396 1051 3465 tempore
1066 3386 1211 3464 fortuna,
1239 3386 1437 3464 cupidinibus

309 3483 477 3561 aliquando
514 3493 568 3544 aut
606 3483 754 3544 erroribus
790 3485 936 3545 imminui
972 3484 1130 3561 transferri
1159 3483 1305 3544 desinere:
1346 3504 1434 3545 auum
1454 3498 1481 3553 st

344 3733 368 3786 ¹2.
394 3736 469 3801 punit
487 3734 529 3785 Fl.
550 3766 583 3772 —
604 3736 628 3787 3.
648 3720 803 3802 obpressisse
821 3735 843 3784 F
863 3739 934 3802 (nota
952 3752 1026 3785 erasa
1045 3734 1098 3799 est).
1120 3734 1187 3783 -4,
1207 3731 1352 3784 Oeensium
1362 3734 1434 3801 Lipa.

308 3824 444 3874 astensium
470 3831 493 3873 et
517 3842 571 3874 moa
594 3842 628 3874 ra
650 3826 664 3875 7
684 3824 789 3875 oiiensis
809 3824 838 3875 F.
866 3854 898 3860 -
917 3823 1137 3889 lepeitanorumq3
1157 3823 1187 3872 F.
1214 3852 1248 3860 -
1267 3823 1292 3874 5.
1316 3824 1436 3889 raptuF

309 3920 403 3977 t-crasa
428 3914 480 3977 ert).
507 3943 541 3950 -
562 3910 627 3981 (ut)
648 3913 716 3964 inter
737 3912 901 3963 Cornelmaen.
929 3942 961 3949 —
982 3913 1005 3964 9.
1032 3911 1166 3977 lepeitanis
1184 3912 1214 3961 F.
1241 3942 1275 3949 —
1297 3913 1338 3963 17.
1365 3912 1437 3963 milia

309 4002 376 4051 obest
401 4020 429 4051 ea
447 4002 477 4051 F.
505 4031 536 4039 -
556 4001 598 4053 ⁶26.
624 4002 720 4068 ferunt]
740 4004 770 4066 es.
790 4001 824 4051 ad
844 4000 940 4053 18428
958 4017 1044 4051 orasse
1062 3998 1221 4070 dieelbatur
1239 4000 1330 4051 audita
1349 4002 1373 4053 F
1392 4002 1436 4069 (ad

308 4090 440 4141 dicebatur·
458 4098 481 4140 et
491 4091 525 4140 ud
534 4107 567 4140 ne
576 4090 769 4141 criminantium
779 4091 878 4156 signum
890 4089 1092 4155 lrancporitionia
1102 4090 1130 4139 in
1140 4107 1216 4156 marg.
1228 4089 1287 4139 add.
1299 4108 1331 4140 m.
1342 4088 1381 4150 2).
1403 4119 1435 4127 -

308 4177 350 4231 28.
371 4178 478 4243 proinde
497 4179 527 4229 F.
553 4209 579 4216 -
601 4180 760 4229 monimenta
779 4179 808 4228 F.
