3409 4909
299 486 326 535 p.
346 468 394 521 Ch.
414 469 459 535 69)
638 484 867 528 nrsrournaum
888 468 932 528 Il.
955 468 1082 529 80-83.
1385 469 1424 530 95

298 653 462 731 iuravere3
491 653 546 714 sed
567 654 706 714 inermes
728 654 823 731 legati
844 655 1012 730 regebant.
1035 654 1180 715 nondum
1204 654 1322 716 additis
1345 656 1426 735 Cap·

300 750 455 830 padociae
477 750 666 828 legionibus.

340 849 522 910 Consilium
545 849 585 909 de
606 868 735 909 summa
755 868 863 909 rerum
885 850 994 928 Beryti
1017 850 1176 911 habitum.
1200 851 1284 911 Illuc
1306 851 1426 912 Mucia·

299 966 362 1007 nus
390 967 465 1008 cum
494 946 606 1023 legatis
633 947 836 1026 tribunisque
866 952 897 1007 et
918 947 1181 1025 splendidissimo
1204 968 1332 1027 quoque
1355 968 1426 1010 cen·

264 1057 280 1107 5
300 1046 467 1105 turionum
489 1064 526 1105 ac
547 1045 691 1105 militum
712 1044 801 1106 venit
816 1051 848 1105 et
862 1064 879 1104 e
895 1044 1029 1105 Iudaico
1045 1046 1188 1107 exercitu
1204 1046 1286 1107 lecta
1301 1046 1424 1108 decora.

299 1142 443 1203 Tantum
470 1143 569 1203 simul
597 1141 746 1221 peditum
773 1143 986 1221 equitumque
1016 1147 1048 1203 et
1076 1142 1312 1204 aemulantium
1342 1144 1426 1204 inter

299 1258 332 1299 se
364 1259 476 1317 regum
507 1245 640 1318 paratus
672 1240 813 1318 speciem
844 1239 992 1299 fortunae
1025 1240 1213 1319 principalis
1244 1241 1424 1302 effecerant.

297 1337 409 1405 Prima
436 1337 514 1398 belli
541 1357 618 1398 cura
645 1356 738 1415 agere
763 1336 916 1412 dilectus,
945 1356 1093 1398 revocare
1114 1343 1292 1399 veteranos,
1322 1338 1424 1399 Desti-
1439 1347 1479 1407 82

298 1440 420 1507 uantur
440 1434 568 1497 validae
590 1434 737 1496 civitates
759 1434 945 1496 exercendis
967 1454 1131 1495 armorum
1154 1435 1307 1512 officinis;
1337 1435 1425 1514 apud

246 1543 280 1597 10
299 1532 533 1593 Antiochenses
564 1552 681 1592 aurum
713 1539 946 1611 argentumque
978 1533 1123 1609 signatur
1130 1553 1138 1609 3
1175 1552 1276 1609 eaque
1308 1537 1425 1592 cuncta

246 1633 249 1637 '
298 1649 357 1708 per
386 1630 519 1691 idoneos
549 1631 731 1709 ministros,
768 1631 834 1691 suis
867 1630 1019 1710 quodque
1051 1630 1147 1708 locis‘,
1179 1630 1423 1691 festinabantur.

298 1728 374 1806 Ipse
397 1728 614 1806 Vespasianus
632 1728 720 1789 adire
735 1727 873 1805 hortari,
895 1728 997 1789 bonos
1012 1727 1125 1805 laude,
1148 1747 1259 1806 segnes
1273 1727 1423 1807 exemplo

287 1825 433 1886 incitare
454 1826 582 1905 saepius
605 1846 704 1905 quam
726 1831 886 1903 coercere,
911 1827 989 1887 vitia
1009 1826 1112 1903 magis
1131 1827 1309 1887 amicorum
1324 1846 1424 1906 quam

298 1922 436 1983 virtutes
457 1922 676 1984 dissimulans.
699 1924 821 1984 Multos
842 1924 1051 2003 praefecturis
1073 1929 1104 1985 et
1126 1925 1423 2003 procurationibus,

245 2034 279 2086 15
299 2019 469 2100 plerosque
497 2022 650 2082 senatorii
677 2021 799 2082 ordinis
826 2021 948 2082 honore
974 2022 1147 2100 percoluit,
1177 2023 1316 2099 egregios
1338 2022 1423 2084 viros

299 2124 332 2179 et
360 2137 438 2182 mox
465 2138 594 2179 summa
622 2119 770 2198 adept0s3
800 2120 996 2198 quibusdam
1018 2120 1148 2180 fortuna
1169 2140 1226 2200 pro
1249 2120 1423 2182 virtutibus

298 2214 371 2276 suit.
401 2216 598 2278 Donativom
625 2216 723 2277 militi
744 2237 848 2296 neque
871 2218 1042 2278 Mucianus
1064 2219 1169 2297 prima
1191 2219 1339 2279 contione
1361 2218 1424 2279 nisi

298 2312 426 2373 modice
452 2313 634 2375 ostenderat
642 2335 649 2392 ;
678 2334 718 2375 ne
742 2316 959 2394 Vespasianus
980 2315 1110 2395 quidem
1133 2315 1208 2395 plus
1230 2316 1317 2377 civili
1337 2316 1423 2377 bello

299 2409 420 2471 obtulit
441 2430 541 2490 quam
562 2411 618 2472 alii
639 2412 673 2472 in
695 2432 787 2491 pace,
809 2413 930 2490 egregie
953 2413 1064 2473 firmus
1079 2414 1233 2474 adversus
1248 2414 1423 2474 militarem

244 2523 281 2577 20
299 2507 501 2584 largitionem
524 2528 626 2587 eoque
648 2511 791 2571 exercitu
811 2509 953 2571 meliore.
976 2511 1066 2571 Missi
1082 2512 1122 2571 ad
1139 2512 1297 2572 Parthum
1312 2513 1423 2573 Arme-

256 2680 268 2685 ·
299 2606 456 2685 niumque
485 2606 597 2684 legati,
629 2608 879 2686 provisumque,
911 2628 951 2668 ne
980 2609 1080 2670 versis
1107 2607 1150 2667 ad
1177 2608 1271 2669 civile
1298 2608 1422 2668 bellum

299 2702 479 2778 legionibus
500 2709 589 2781 terga
610 2703 819 2765 nudarentur.
848 2704 959 2765 Titum
981 2705 1100 2766 instare
1123 2704 1277 2782 Iudaeae,
1303 2705 1423 2783 Vespa-

299 2799 428 2859 sianum
444 2800 587 2861 obtinere
603 2801 744 2862 claustra
758 2803 898 2881 Aegypti
912 2803 1051 2881 placuit:
1070 2804 1214 2864 sufficere
1230 2803 1424 2864 videbantur

299 2895 453 2958 adversus
482 2898 652 2960 Vitellium
673 2920 748 2979 pars
770 2900 937 2978 copiarum
959 2906 991 2961 et
1012 2901 1081 2961 dux
1101 2902 1272 2962 Mucianus
1294 2905 1326 2961 et
1347 2901 1423 2961 Ves-

243 3012 280 3066 25
298 2994 426 3072 pasiani
453 3015 573 3056 nornen
601 3016 637 3057 ac
665 2996 749 3057 nihil
777 2996 917 3058 arduum
945 2998 1028 3059 fatis.
1057 2997 1109 3058 Ad
1131 3018 1242 3060 omnes
1263 2999 1421 3059 exercitus

299 3090 484 3171 legatosque
501 3094 637 3173 scriptae
652 3095 826 3173 epistulae,
845 3106 1134 3175 praeceptumque,
1150 3101 1187 3158 ut
1203 3097 1422 3176 praetorianos

299 3189 431 3251 Vitellio
462 3191 604 3265 infensos
635 3192 861 3271 reciperandae
891 3193 1027 3254 militiae
1060 3195 1203 3272 praemio
1235 3195 1420 3255 invitarent.

299 3287 470 3349 Mucianus
492 3308 567 3352 eum
588 3290 741 3369 expedita
761 3309 878 3367 mann,
901 3290 1024 3351 socium
1047 3292 1149 3368 magis
1171 3292 1299 3369 imperii
1321 3310 1420 3369 quam
1436 3303 1475 3365 83

298 3384 485 3445 ministrum
514 3406 624 3464 agens,
651 3406 718 3447 non
745 3386 832 3448 lento
853 3387 982 3464 itinere,
1011 3408 1051 3448 ne
1073 3390 1219 3449 cunctari
1241 3388 1419 3465 videretur,

241 3503 279 3557 30
298 3500 404 3561 neque
424 3488 534 3545 tamen
555 3504 747 3564 properans,
768 3486 899 3563 gliscere
921 3485 1042 3545 famam
1063 3486 1134 3564 ipso
1156 3487 1260 3564 spatio
1279 3484 1419 3562 sinebat,

298 3598 416 3655 gnarus
447 3581 590 3642 modicas
622 3583 705 3643 vires
737 3583 799 3643 sibi
832 3588 864 3643 et
891 3584 1014 3643 maiora
1041 3582 1128 3644 credi
1155 3583 1195 3643 de
1223 3583 1419 3643 absentibus.

299 3675 362 3737 Sed
398 3676 480 3755 legio
518 3684 610 3740 sexta
647 3685 678 3741 et
716 3680 870 3741 tredecim
901 3680 1144 3743 vexillariorum
1175 3680 1266 3741 milia
1297 3681 1421 3758 ingenti

298 3841 459 3851 ———

336 3949 377 3999 11.
407 3948 529 4014 quodque
557 3948 641 4000 Rider
665 3913 715 4015 qh3
740 3951 820 4019 Fun
838 3970 886 4019 my.
906 3950 922 4002 2
941 3971 972 4003 m.
992 3952 1086 4028 quqq3)
1106 3952 1220 4018 quidque
1239 3952 1365 4002 Heraeus.
1386 3980 1419 3988 —

300 4038 341 4088 17.
372 4036 495 4088 donatiuo
521 4038 552 4089 F.
583 4067 616 4075 -
644 4038 684 4091 18.
715 4040 790 4091 ciuile
819 4040 861 4091 Fl.
888 4071 921 4078 -
949 4040 991 4092 21,
1022 4042 1097 4092 ciuile
1124 4041 1166 4092 F1.
1194 4071 1226 4078 —
1254 4040 1296 4094 ⁴23.
1326 4048 1349 4091 et
1376 4039 1418 4093 25.

298 4178 519 4245 Vespasian3F1.
540 4209 573 4217 -
592 4181 634 4233 31.
655 4128 797 4233 adsentibus
814 4183 837 4232 F
857 4182 885 4250 (b
904 4184 961 4233 odd.
981 4202 1012 4234 m.
1032 4182 1068 4248 2).
1152 4256 1154 4262 Ι
