3409 4909
259 435 262 476 ζ
306 399 323 447 11·
338 383 378 435 eh.
398 384 444 450 69)
635 402 863 445 ursroaraauu
885 353 941 445 IV.
963 384 1051 447 3-7.
1347 384 1405 445 159

303 565 392 629 dimus
414 570 475 631 viri
497 570 624 649 saepius
645 568 863 647 memorandi,
892 575 929 631 ut
949 570 1052 632 vitam
1073 569 1245 649 studiaque
1266 570 1358 648 eius„
1373 576 1405 632 et

302 666 375 744 quali
402 666 532 729 fortuna
560 668 602 729 sit
625 687 719 745 usus,
749 668 865 747 paucis
882 675 1035 747 repetam.
1065 667 1238 730 Helvidius
1260 669 1404 744 Priscus,

297 764 410 841 regione
443 765 557 827 Italiae
588 766 757 844 Carecina,
789 785 806 826 e
837 766 1016 845 municipio
1045 766 1176 844 Cluvia,
1208 771 1316 845 patre,
1348 768 1405 847 qui

295 860 430 923 ordinem
470 863 627 943 primipili
664 863 826 940 duxisset,
865 863 1031 940 ingenium
1069 863 1205 924 inlustre
1236 863 1405 926 altioribus

261 968 275 1020 τ
290 958 401 1020 studiis
414 960 541 1021 iuvenis
556 960 733 1022 admodum
748 960 852 1038 dedit,
874 980 940 1021 non
953 966 991 1021 ut
1005 961 1166 1040 plerique,
1183 963 1258 1041 <υτ>
1272 963 1405 1024 nomine

288 1057 455 1134 magnifico
488 1077 581 1136 segne
612 1059 715 1119 otium
747 1058 883 1135 velaret,
916 1058 973 1119 sed
1004 1078 1069 1138 quo
1100 1058 1223 1119 firmior
1251 1059 1405 1121 adversus

286 1148 418 1216 fortuita
438 1175 506 1217 rem
527 1156 691 1235 publicam
707 1161 893 1236 capesseret.
916 1156 1069 1217 Doctores
1084 1156 1261 1235 sapientiae
1276 1162 1404 1218 secutus

286 1256 352 1329 est,
372 1255 426 1333 qui
441 1254 511 1316 sola
524 1255 624 1333 bona,
647 1274 729 1335 quae
744 1254 897 1331 honesta,
918 1254 1006 1314 mala
1020 1259 1162 1332 tanturn,
1185 1274 1267 1332 quae
1282 1256 1403 1335 turpia,

285 1352 464 1423 potentiam
488 1352 691 1414 nobilitatem
713 1358 882 1432 ceteraque
904 1356 995 1413 extra
1015 1351 1163 1419 animum
1185 1371 1289 1431 neque
1310 1352 1404 1413 bonis

259 1451 270 1506 l
286 1460 391 1527 neque
411 1451 506 1511 malis
523 1451 746 1512 adnumerant.
769 1450 979 1522 Quaestorius
994 1449 1101 1511 adhuc
1116 1470 1135 1510 a
1150 1450 1248 1511 Paeto
1263 1450 1404 1512 Thrasea

289 1557 382 1615 gener
408 1547 550 1610 delectus
577 1569 594 1610 e
621 1550 766 1611 moribus
794 1550 895 1610 soceri
922 1548 1006 1609 nihil
1033 1568 1135 1628 aeque
1163 1568 1200 1610 ac
1221 1548 1404 1610 libertatem

288 1633 409 1723 hausit,
437 1646 516 1707 civis
544 1652 687 1725 senator,
715 1648 852 1708 maritus
880 1666 976 1725 gener
1003 1647 1142 1724 amicus,
1171 1647 1296 1707 cunctis
1318 1647 1404 1708 vitae

294 1736 398 1804 officiis
412 1744 606 1823 aequabilis,
628 1765 728 1824 opum
743 1749 961 1823 contemptor,
977 1744 1055 1805 recti
1069 1745 1237 1823 pervicax,
1253 1749 1404 1805 constans

297 1833 437 1902 adversus
458 1846 573 1903 metus
596 1844 713 1921 Erant,
736 1842 854 1921 quibus
876 1842 1077 1921 adpetentior
1098 1842 1204 1903 famae
1225 1842 1438 1920 videretur,6

301 1938 414 2009 quando
443 1940 541 2001 etiam
562 1940 763 2020 sapientibus
785 1940 903 2020 cupido
924 1937 1043 2018 gloria'e
1065 1941 1243 2002 novissima
1264 1942 1401 2003 exuitur.

303 2023 392 2096 Ruina
411 2038 511 2098 soceri
531 2038 566 2098 in
587 2038 723 2099 exilium
744 2038 875 2118 pulsus,
897 2044 935 2099 υτ
956 2037 1078 2099 Galbae
1093 2038 1277 2118 principatu
1292 2040 1401 2116 rediit,

306 2122 474 2197 Marcellum
503 2137 655 2216 Eprium,
684 2136 862 2198 delatorem
883 2136 1058 2214 Thraseae,
1088 2155 1238 2197 accusare
1259 2137 1403 2215 adgredi·

309 2225 354 2288 tur.
372 2232 414 2293 Ea
434 2233 533 2311 ulti0,
555 2232 714 2295 incertum
736 2234 839 2295 maior
861 2254 902 2294 an
923 2234 1054 2312 iustior,
1076 2243 1224 2295 senatum
1246 2236 1281 2295 in
1296 2236 1404 2297 studia

312 2318 470 2392 diduxerat:
499 2350 576 2391 narn
603 2332 630 2393 si
659 2332 786 2393 caderet
813 2331 1003 2409 Marcellus,
1032 2352 1147 2409 agmen
1175 2352 1303 2393 reorum
1327 2339 1403 2394 ster-

313 2422 427 2490 nebatur.
456 2429 564 2492 Primo
591 2430 706 2490 minax
731 2435 894 2491 certamen
915 2435 947 2491 et
967 2430 1098 2507 egregiis
1119 2431 1287 2509 utriusque
1309 2432 1403 2493 orati·

314 2521 399 2587 onibus
434 2532 604 2605 testatum
643 2547 735 2604 mox,
775 2527 876 2588 dubia
914 2528 1081 2590 voluntate
1114 2528 1251 2607 Galbae,
1290 2530 1402 2591 multis

314 2629 467 2686 senatorum
498 2627 760 2706 deprecantibus,
796 2626 905 2687 omisit
937 2626 1081 2704 Priscus,
1113 2628 1227 2705 variis,
1259 2632 1297 2687 ut
1327 2638 1404 2689 sunt

313 2709 454 2784 hominum
490 2724 633 2802 ingenia,
672 2724 875 2785 sermonibus
910 2724 1164 2785 moderationem
1195 2724 1402 2787 laudantium

314 2821 353 2876 tut
368 2822 576 2882 constantiam
597 2822 839 2901 requirentium.

340 2912 471 2980 Ceterum
493 2939 530 2980 eo
552 2924 682 2981 senatus
704 2920 771 2997 die,
794 2939 859 2999 quo
881 2919 920 2979 de
939 2920 1074 2999 imperio
1090 2921 1280 3000 Vespasiani
1296 2941 1401 2984 cense-

316 3002 385 3092 bant,
402 3017 568 3096 placuerat
588 3018 674 3079 mitti
695 3018 736 3079 ad
757 3018 938 3097 principem
959 3017 1088 3092 legatos.
1111 3019 1199 3081 Hinc
1219 3019 1302 3081 inter
1324 3020 1401 3081 Hel-

313 3104 409 3174 ridiun
436 3121 467 3177 et
489 3116 624 3202 Eprium
646 3136 717 3177 acre
739 3116 895 3194 iurgium:
924 3116 1051 3176 Priscus
1072 3116 1147 3194 eligi
1168 3118 1362 3180 nominatim
1383 3139 1402 3179 a

314 3208 524 3284 magstratibus
558 3214 686 3291 iuratis,
726 3213 899 3274 Marcellus
931 3233 1047 3274 urnam
1078 3216 1280 3294 postulabat3
1320 3238 1402 3296 quae

315 3308 425 3371 consulis
455 3309 613 3388 designati
644 3311 803 3371 sententia
835 3310 954 3371 fuerat:
994 3311 1050 3372 sed
1082 3313 1226 3374 Marcelli
1258 3314 1436 3381 studium7

315 3469 440 3491 χ.

342 3588 359 3641 3·
381 3599 479 3665 regione
506 3599 597 3651 Italiae
615 3599 751 3665 Carecina,
780 3602 953 3669 emunicipio
972 3602 1077 3667 Clunia,
1105 3604 1195 3670 scripsi
1212 3602 1353 3678 carelcine
1381 3611 1403 3653 ct

318 3672 387 3734 cluuios
405 3689 457 3752 (aed
478 3705 490 3739 s
508 3689 599 3754 deleta)
618 3689 640 3740 F
659 3690 758 3755 origine
777 3691 868 3741 Italica
888 3693 953 3758 (cara
971 3692 1054 3758 Lipa.)
1074 3709 1087 3742 e
1106 3692 1245 3742 Caracinae
1264 3692 1403 3758 municipio

318 3756 387 3822 Clariis
406 3775 487 3828 Halm
511 3777 609 3843 origine
635 3778 745 3846 [Italiae]
769 3779 908 3845 Carecina,
934 3780 1106 3845 emunicipio
1125 3779 1252 3830 Cluviana
1270 3779 1402 3844 Homer-r,

320 3848 353 3902 llll
370 3861 437 3917 alter.
467 3896 500 3904 -
525 3869 550 3920 5.
579 3868 683 3918 alterna
708 3877 736 3919 ut
759 3887 787 3919 er
804 3868 827 3919 F
846 3869 914 3919 abeat
933 3869 990 3919 add.
1011 3869 1065 3919 cdd.
1085 3886 1135 3935 req.
1166 3898 1197 3905 -
1218 3869 1241 3919 7.
1270 3868 1403 3920 docetores

322 3993 414 4055 *alienu
430 4008 459 4060 r.
485 4038 517 4046 -
539 4008 579 4060 12.
605 3969 654 4060 cul
669 4007 716 4079 ps
734 4010 764 4061 r.
785 4041 817 4047 -
837 4008 880 4061 rr.
906 3972 966 4076 {rit
984 4010 1014 4060 r.
1035 4040 1068 4047 --
1086 4008 1129 4062 aa.
1155 4019 1237 4059 numa
1256 4009 1286 4059 a
1308 4039 1340 4046 -
1359 4009 1402 4062 ro.

323 4081 405 4144 ludiim
420 4096 440 4146 E
459 4098 529 4165 (corr.
550 4116 577 4149 er
595 4098 699 4164 studio).
