3409 4909
279 510 305 559 p.
324 492 371 543 Ch.
393 492 440 557 69)
623 508 850 553 nrsronranuu
871 493 916 553 ll.
938 494 1067 558 52-57.
1363 497 1400 555 81

279 693 454 737 commune
475 676 634 753 congressi
655 675 717 737 sibi
738 677 876 755 quisque
898 680 1103 758 consuluere,
1126 679 1228 741 donec
1249 681 1366 742 missae
1384 701 1402 741 a

280 773 381 835 Fabio
407 772 544 834 Valente
566 773 723 852 epistulae
745 774 910 837 demerent
931 784 1064 839 metum.
1094 779 1136 838 Et
1156 798 1242 839 mors
1265 779 1402 840 Othonis

280 892 345 951 quo
365 871 578 949 laudabilior,
600 890 636 932 eo
658 872 800 933 velocius
821 874 942 936 audita.

319 973 364 1031 At
385 970 507 1031 Romae
527 969 611 1029 nihil
631 969 871 1049 trepidationis3
906 973 1044 1034 Ceriales
1066 973 1136 1034 ludi
1157 995 1198 1035 ex
1219 994 1308 1036 more
1329 994 1399 1054 spe·
1415 976 1455 1035 55

244 1077 260 1128 5
279 1068 467 1129 elabantur:
489 1073 527 1128 ut
547 1067 677 1128 cessisse
695 1067 856 1129 Othonem
872 1075 937 1131 eta
956 1071 1069 1132 Flavio
1083 1071 1219 1151 Sabino,
1239 1072 1402 1151 praefecto

242 1171 246 1177 “
280 1166 385 1244 urbis,
414 1164 502 1245 quod
528 1170 596 1225 erat
616 1165 651 1225 in
671 1165 750 1226 urbe
771 1166 931 1245 militum,
960 1174 1160 1230 sacramento
1183 1169 1306 1229 Vitellii
1327 1169 1402 1230 ada-

280 1269 370 1325 ctum
384 1264 462 1325 certi
477 1269 623 1327 auctores
637 1264 671 1323 in
685 1263 849 1324 theatrum
865 1264 1068 1343 adtulerunt,
1091 1266 1223 1327 Vitellio
1237 1266 1385 1345 plausere
1393 1287 1400 1343 3

279 1363 421 1442 populus
459 1381 534 1423 cum
571 1361 666 1422 lauru
705 1380 741 1422 ac
771 1361 905 1422 floribus
939 1363 1061 1424 Galbae
1093 1364 1248 1441 imagines
1280 1365 1401 1425 circum

278 1453 403 1538 templa
423 1458 515 1537 tulit,
537 1459 694 1535 congestis
711 1458 745 1518 in
760 1457 895 1520 modum
910 1461 1030 1521 tumuli
1044 1462 1169 1524 coronis
1186 1462 1279 1522 iuxta
1293 1462 1401 1522 lacum

232 1564 261 1618 10
279 1557 390 1634 Curti,
421 1576 518 1636 quem
546 1557 655 1618 locum
684 1556 788 1618 Galba
816 1558 957 1619 moriens
985 1560 1141 1637 sanguine
1169 1559 1330 1621 infecerat.
1362 1561 1402 1620 In

279 1660 395 1717 senatu
422 1660 540 1716 cuncta
560 1655 663 1732 longis
685 1653 823 1716 aliorum
844 1657 1080 1735 principatibus
1102 1658 1269 1737 conposita
1290 1658 1401 1719 statim

279 1752 512 1814 decernuntur:
551 1751 680 1813 additae
712 1771 785 1829 erga
817 1753 1047 1815 Germanicum
1080 1755 1257 1816 exercitum
1288 1754 1401 1816 laudes

278 1856 464 1931 gratesque,
483 1857 515 1912 et
528 1852 627 1911 missa
641 1850 757 1927 legatio
766 1899 774 1929 ,
788 1871 872 1930 quae
887 1852 1005 1929 gaudio
1020 1852 1214 1930 fungeretur.
1237 1854 1401 1915 Recitatae
1429 1874 1432 1880 ·

279 1949 373 2011 Fabii
396 1949 543 2010 Valentis
565 1948 723 2028 epistulae
744 1947 786 2008 ad
807 1950 954 2011 consules
976 1952 1113 2035 scriptae
1135 1951 1223 2011 haud
1245 1951 1401 2012 immode-

232 2051 364 2108 rorate:
385 2048 505 2124 gratior
525 2047 689 2108 Caecinae
701 2045 860 2107 modestia
881 2047 959 2125 fuit,
981 2048 1069 2127 quod
1090 2069 1156 2110 non
1177 2049 1363 2128 scripsisset.

319 2145 470 2205 Ceterum
492 2143 590 2203 Italia
609 2144 738 2220 gravius
760 2149 857 2222 atque
879 2146 1020 2206 atrocius
1041 2164 1140 2225 quam
1159 2146 1244 2206 bello
1260 2145 1402 2206 adfiicta—
1415 2154 1454 2214 56

279 2242 384 2303 batur.
413 2241 557 2321 Dispersi
582 2260 639 2320 per
660 2241 839 2320 municipia
860 2247 892 2302 et
913 2242 1054 2303 colonias
1076 2243 1243 2303 Vitelliani
1264 2243 1402 2322 spoliare

278 2359 407 2419 rapere,
435 2339 467 2401 vi
495 2344 528 2400 et
555 2339 674 2418 stupris
701 2339 862 2418 polluere:
891 2340 925 2400 in
952 2360 1047 2401 omne
1068 2340 1116 2401 fas
1137 2341 1291 2420 nefasque
1314 2341 1401 2402 avidi

279 2443 337 2499 aut
363 2438 494 2500 venales
521 2456 588 2498 non
615 2456 721 2515 sacro,
750 2456 816 2498 non
837 2438 973 2517 profano
995 2439 1201 2501 abstinebant
1208 2460 1215 2517 3
1245 2446 1277 2500 et
1297 2439 1401 2518 fuere,

232 2544 260 2599 20
279 2537 337 2616 qui
357 2536 506 2596 inimicos
528 2554 603 2596 suos
624 2536 729 2615 specie
751 2535 894 2596 militum
917 2536 1140 2598 interficerent.
1165 2537 1295 2615 Ipsique
1317 2537 1401 2597 mili-

279 2638 328 2695 tes
348 2634 517 2711 regionum
537 2634 628 2710 gnari
648 2633 779 2694 refertos
801 2651 908 2711 agros,
931 2633 1013 2694 dites
1035 2634 1184 2694 dominos
1199 2634 1233 2694 in
1247 2632 1402 2713 praedam

280 2736 352 2809 aut,
388 2732 416 2791 si
449 2735 665 2811 repugnatum
689 2730 786 2809 foret,
820 2729 861 2791 ad
890 2732 1028 2791 exitium
1054 2730 1275 2807 destinabant,
1304 2730 1402 2791 obno-

279 2830 342 2889 xiis
373 2828 511 2889 ducibus
542 2832 575 2889 et
603 2827 774 2907 prohibere
805 2847 871 2889 non
904 2827 1001 2889 ausis.
1040 2828 1150 2888 Minus
1183 2827 1336 2889 avaritiae
1367 2827 1403 2887 in

280 2926 434 3005 Caecina,
456 2926 530 3006 plus
552 2925 755 2987 ambitionis:
778 2926 899 2986 Valens
921 2926 962 2986 ob
983 2925 1073 2986 lucra
1094 2931 1126 2987 et
1147 2931 1301 3004 quaestus
1322 2919 1402 2985 infa-

232 3033 260 3087 15
279 3024 358 3103 mis,
387 3044 489 3102 eoque
517 3023 640 3085 alienae
668 3023 766 3084 etiam
789 3023 903 3103 culpae
925 3023 1154 3085 dissimulator.
1184 3023 1402 3103 Iampridem

280 3121 408 3183 adtritis
429 3120 544 3182 Italiae
565 3120 660 3182 rebus
682 3125 811 3181 tantum
831 3120 980 3199 peditum
999 3121 1226 3200 equitumque,
1249 3121 1298 3183 vis
1313 3120 1402 3182 dam-

278 3239 387 3299 naque
407 3223 441 3280 et
460 3218 598 3279 iniuriae
618 3238 709 3295 aegre
730 3217 960 3279 tolerabantur.

321 3317 457 3378 Interim
487 3316 639 3377 Vitellius
666 3316 818 3377 victoriae
847 3335 924 3377 suae
953 3316 1078 3377 nescius
1107 3320 1144 3376 ut
1171 3315 1213 3376 ad
1240 3316 1400 3394 integrum
1415 3326 1453 3387 57

279 3415 404 3477 bellum
432 3414 573 3494 reliquas
601 3415 785 3475 Germanici
813 3415 971 3475 exercitus
1000 3414 1083 3474 vires
1111 3408 1275 3474 trahebat:
1305 3414 1401 3491 pauci

232 3522 262 3576 30
279 3517 427 3575 veterum
454 3512 596 3573 militum
625 3513 660 3572 in
687 3512 830 3573 hibernis
860 3512 978 3589 relicti,
1007 3511 1166 3572 festinatis
1194 3530 1250 3589 per
1279 3510 1400 3570 Gallias

316 3670 341 3719 4.
361 3686 494 3744 rome-me
512 3667 590 3719 nichil
607 3668 638 3720 F.
659 3698 692 3706 -
711 3671 735 3721 5.
756 3668 859 3720 cessisse
877 3669 900 3719 F
918 3668 1021 3719 cessisse
1039 3667 1094 3719 uita
1112 3668 1166 3719 cdd.
1186 3686 1235 3734 aeq.
1250 3667 1402 3718 concessisse

278 3757 373 3809 Ruar.
399 3786 432 3795 -
453 3758 477 3810 6.
497 3764 657 3807 sacramento
675 3756 758 3807 Rhea.
778 3757 805 3807 in
824 3764 985 3807 sacramento
1004 3757 1034 3807 F.
1055 3786 1088 3794 -
1110 3755 1150 3809 10.
1170 3757 1234 3807 curti
1254 3756 1284 3806 F.
1306 3784 1338 3793 -
1359 3757 1400 3807 ll.

277 3846 412 3912 conposita
434 3843 477 3897 Fl.
503 3873 536 3883 -
563 3843 603 3896 1⁶2.
629 3845 770 3896 exercitum
793 3845 878 3896 Ritler
901 3846 1028 3896 exercitus
1053 3845 1076 3895 F
1097 3846 1159 3911 (suit
1177 3846 1237 3895 olim
1256 3845 1326 3895 lectio
1344 3845 1401 3895 crd-

277 3941 341 4003 9ota
365 3933 534 3985 Germanicos
561 3933 707 4000 exercitus).
736 3965 769 3973 -
796 3934 836 3987 16.
866 3934 943 3985 Italia
969 3935 1021 3984 iam
1052 3934 1173 3985 Heraeae
1203 3935 1314 3985 atrocius
1345 3932 1402 4003 <ui-

278 4024 379 4095 ctoriae>
399 4041 479 4091 quam
496 4024 589 4075 Haase
608 4021 699 4094 <oti0>
719 4041 744 4090 q.
763 4024 787 4075 b.
810 4023 930 4075 Walther.
952 4052 984 4061 -
1007 4022 1046 4075 18.
1066 4009 1224 4074 omnelasF
1252 4054 1285 4061 -
1298 4024 1400 4089 neiasq;

279 4116 310 4178 (n
334 4132 363 4165 er
385 4112 408 4164 si
432 4112 506 4179 corr.)
536 4142 569 4151 -
588 4112 630 4164 21.
655 4112 745 4163 domos
763 4112 893 4179 Pluygers.
920 4142 952 4150 —
971 4110 1014 4164 26.
1040 4118 1119 4163 tanta.
1140 4142 1174 4149 -
1194 4113 1232 4162 uis
1250 4113 1400 4177 Acidaliae,

277 4203 310 4268 cs.
326 4220 353 4269 ρ.
371 4200 441 4254 95.6.

315 4303 476 4341 cernimus
495 4303 622 4341 racrrus.
642 4289 694 4340 III.
