3409 4909
278 514 304 562 p.
323 494 374 574 ph.
395 494 442 559 69)
630 509 858 551 ΗιεΤοΒΙΑΒυΜ
879 491 905 551 Ι.
927 492 1055 555 57-61.
1364 491 1403 552 33

278 684 467 759 temporum
496 700 515 741 a
542 680 666 758 legione
695 679 870 758 digressae,
901 686 999 759 prout
1026 680 1250 756 inclinassent,
1283 678 1403 756 grande

278 783 485 839 momentum
507 779 611 839 sociae
632 783 689 838 aut
711 777 872 839 adversae.
898 779 1057 855 Nonium,
1080 778 1273 854 Donatium,
1295 777 1402 838 Romi·

277 875 379 952 lium,
402 875 617 954 Calpurnium
638 876 860 953 centuriones,
882 876 922 937 de
944 876 1061 955 quibus
1083 895 1181 954 supra
1201 875 1386 936 rettulimus
1395 875 1412 952 ,⁸

278 972 384 1035 occidi
412 974 523 1051 iussit,
551 973 722 1035 damnatos
750 973 825 1033 fidei
853 974 1002 1051 crimine,
1030 974 1219 1050 gravissimo
1246 974 1329 1033 inter
1350 972 1403 1033 de·

246 1072 461 1134 asciscentes.
494 1057 662 1133 Accessere
694 1072 840 1151 partibus
872 1072 1019 1132 Valerius
1046 1072 1225 1149 Asiaticus,
1257 1071 1402 1149 Belgicae

278 1170 466 1249 provinciae
495 1170 635 1247 legatus,
664 1189 761 1248 quem
789 1189 867 1229 mox
896 1169 1047 1229 Vitellius
1074 1187 1228 1246 generum
1249 1167 1401 1244 adscivit,

279 1275 310 1327 et
331 1267 450 1327 Iunius
472 1266 622 1343 Blaesus,
650 1267 876 1344 Lugdunensis
898 1266 1022 1327 Galliae
1044 1273 1162 1343 rector,
1191 1285 1266 1326 cunr
1288 1266 1403 1327 Italica

278 1365 404 1442 legione
426 1369 458 1424 et
479 1364 532 1424 ala
553 1364 730 1440 Tauriana,
752 1364 904 1442 Lugduni
924 1364 1140 1453 tendentibus.
1164 1364 1229 1424 Nec
1248 1365 1282 1424 in
1298 1364 1402 1424 Raeti-

279 1463 323 1523 cis
356 1462 459 1541 copiis
489 1480 594 1539 mora,
626 1481 691 1540 quo
722 1461 831 1523 minus
863 1463 973 1523 statim
1002 1462 1260 1540 adiungerentur.
1293 1463 1340 1522 Ne
1368 1463 1402 1522 in

236 1570 262 1624 10
278 1559 450 1619 Britannia
477 1558 609 1639 quidem
630 1559 825 1620 dubitatum.
855 1561 1004 1621 Praeerat
1024 1560 1202 1621 Trebellius
1223 1561 1401 1637 Maximus,

279 1679 335 1738 per
368 1658 539 1719 avaritiam
571 1677 608 1719 ac
640 1657 748 1719 sordes
780 1664 985 1738 contemptus
1017 1660 1172 1720 exercitui
1203 1659 1400 1737 invisusque.

280 1754 487 1817 Accendebat
512 1754 624 1816 odium
646 1756 715 1816 eius
736 1756 870 1817 Roscius
892 1756 1034 1834 Caelius,
1063 1756 1186 1834 legatus
1208 1757 1402 1817 vicensimae
1416 1750 1456 1810 60

279 1853 432 1931 legioniS,
468 1853 547 1913 olim
584 1852 720 1929 discors;
759 1853 815 1914 sed
853 1855 1019 1915 occasione
1057 1854 1203 1914 civilium
1237 1872 1402 1913 armorum

280 1952 421 2012 atrocius
443 1955 641 2030 proruperat.
664 1950 841 2017 Trebellius
863 1951 1055 2012 seditionem
1076 1957 1107 2012 et
1129 1951 1301 2012 confusum
1319 1950 1402 2010 ordi-

237 2058 263 2113 15
279 2069 355 2109 nem
384 2048 576 2127 disciplinae
597 2048 722 2125 Caelio,
751 2048 905 2127 spoliatas
926 2054 959 2110 et
980 2050 1091 2128 inopes
1112 2049 1252 2126 legiones
1274 2048 1402 2109 Caelius

280 2146 441 2208 Trebellio
463 2145 660 2223 obiectabat,
685 2165 760 2206 curn
782 2146 912 2206 interim
933 2146 1034 2207 foedis
1055 2146 1235 2224 legatorum
1257 2147 1402 2207 certami-

280 2244 376 2305 nibus
397 2243 557 2305 modestia
576 2244 735 2305 exercitus
757 2254 908 2322 corrupta
929 2264 1030 2324 eoque
1052 2244 1229 2305 discordiae
1250 2249 1401 2321 ventum,

280 2351 316 2403 ut
354 2341 567 2403 auxiliarium
605 2360 734 2421 quoque
765 2341 909 2403 militum
948 2344 1100 2404 conviciis
1131 2343 1338 2422 proturbatus
1371 2349 1403 2404 et

280 2439 529 2518 adgregantibus
551 2458 584 2500 se
602 2439 710 2501 Caelio
725 2439 911 2500 cohortibus
926 2440 1051 2519 alisque
1066 2440 1208 2500 desertus
1224 2440 1401 2501 Trebellius

232 2541 264 2603 20
280 2538 320 2604 ad
341 2538 516 2598 Vitellium
536 2538 719 2616 perfugerit.
742 2538 840 2608 Quies
862 2539 1046 2616 provinciae
1064 2558 1264 2618 quamquam
1278 2543 1401 2599 remoto

280 2636 442 2697 consulari
464 2636 600 2695 mansit:
622 2655 730 2695 rexere
748 2635 844 2712 legati
859 2636 1039 2714 legionum,
1061 2655 1153 2714 pares
1168 2637 1252 2712 iure,
1275 2635 1401 2695 Caelius

280 2732 432 2796 audendo
453 2733 622 2811 potentior.

320 2830 487 2891 Adiuncto
525 2831 711 2891 Britannico
749 2832 892 2892 exercitu
924 2832 1035 2908 ingens
1067 2831 1189 2893 viribus
1221 2832 1401 2910 opibusque
1416 2823 1452 2882 61

280 2929 434 2991 Vitellius
463 2927 544 2989 duos
572 2928 685 3002 duces,
714 2928 779 2989 duo
807 2930 922 2989 itinera
951 2928 1036 2989 bello
1065 2929 1254 2990 destinavit:
1282 2930 1401 2990 Fabius

232 3033 262 3092 25
279 3016 402 3087 Valens
425 3026 551 3086 allicere
572 3026 640 3103 vel,
662 3027 689 3087 si
711 3026 898 3103 abnuerint,
920 3032 1046 3087 vastare
1062 3027 1183 3088 Gallias
1199 3033 1230 3088 et
1245 3028 1401 3088 Cottianis

280 3123 421 3203 Alpibus
449 3123 581 3184 Italiam
608 3124 808 3203 inrumpere,
838 3125 975 3184 Caecina
996 3126 1144 3203 propiore
1165 3126 1303 3185 transitu
1325 3127 1402 3187 Poe-

278 3222 367 3282 ninis
395 3222 478 3299 iugis
505 3220 633 3299 degredi
654 3222 768 3282 iussus.
798 3222 929 3282 Valenti
949 3223 1108 3283 inferioris
1130 3224 1287 3284 exercitus
1309 3223 1402 3283 electi

279 3331 356 3380 curn
385 3319 496 3397 aquila
524 3320 656 3399 quintae
677 3319 811 3397 legionis
832 3325 865 3380 et
886 3320 1071 3381 cohortibus
1093 3320 1233 3399 alisque,
1262 3320 1303 3380 ad
1325 3341 1401 3399 qua-

279 3416 430 3494 draginta
455 3416 547 3476 milia
574 3422 787 3495 annatorum,
820 3417 912 3494 data;
943 3419 1075 3495 triginta
1101 3419 1193 3478 milia
1221 3419 1357 3478 Caecina
1384 3438 1401 3478 e

232 3527 261 3583 30
279 3516 446 3595 superiore
468 3515 642 3576 Germania
661 3514 814 3592 ducebat,
836 3535 976 3594 quorum
990 3516 1087 3577 robur
1101 3516 1182 3592 legio
1198 3516 1401 3576 unaetvicen-

281 3613 366 3673 sima
394 3612 465 3673 fuit.
498 3611 619 3673 Addita
648 3614 776 3690 utrique
805 3613 1040 3673 Germanorum
1068 3614 1207 3690 auxilia,
1239 3632 1255 3673 e
1283 3612 1401 3692 quibus

319 3880 360 3933 10.
380 3880 531 3931 trebellinus
548 3881 579 3931 F.
600 3910 632 3918 -—
654 3882 694 3932 11.
714 3881 789 3932 sorde
807 3882 829 3932 F
848 3883 924 3946 (idem
944 3882 1060 3931 arcadum
1079 3900 1102 3947 p.
1123 3881 1204 3946 2952).
1225 3914 1257 3919 -
1280 3884 1320 3933 14.
1344 3901 1401 3948 pro·

280 3989 387 4089 reperiit
412 4023 442 4073 F.
469 4051 503 4059 —
525 4023 565 4075 16.
584 4023 695 4074 tribellio
713 4024 735 4073 F
754 4023 808 4103 f5d3
829 4024 851 4073 F
872 4054 904 4061 —
924 4023 966 4076 25.
990 4024 1127 4075 abnuerint
1145 4025 1167 4074 F
1187 4025 1329 4076 abnuerent
1348 4044 1401 4075 carn

281 4110 364 4162 Rhea.
389 4111 508 4177 plerique
536 4112 604 4161 editt.
631 4141 664 4149 —
689 4112 731 4163 211.
760 4113 882 4163 Poeninis
906 4114 1022 4163 Rheneia.
1049 4114 1143 4189 pennis
1167 4115 1196 4164 F.
1224 4144 1256 4151 —
1282 4115 1323 4167 30.
1351 4132 1401 4165 una

280 4200 365 4266 prima
384 4208 410 4250 et
428 4199 569 4251 uicensima
587 4200 617 4250 F.
1198 4223 1204 4237 .

316 4302 476 4340 consarrrs
495 4302 623 4340 rscrrus.
643 4290 695 4340 111.
974 4276 977 4280 ’
1279 4294 1294 4344 3
