3409 4909
792 421 851 480 240

300 607 342 668 ib.
366 608 432 668 106.
455 609 483 668 A
504 607 612 668 Scaldi
626 607 773 668 incolunt
790 615 900 672 extera
915 606 1102 669 Texuandri
1117 607 1265 686 pluribus
1280 606 1385 667 nomi-

260 704 373 782 nibus,
401 704 476 765 dein
505 705 651 785 Menapi,
682 704 799 766 Morini
820 725 876 766 ora
898 705 1052 766 Marsacis
1073 705 1177 766 iuncti
1198 724 1296 784 page,
1326 706 1386 784 qui

261 802 451 863 Chersiacus
482 807 631 881 vocatur,
664 803 828 881 Britanni,
861 802 1030 879 Ambiani,
1046 807 1049 815 '
1063 803 1242 879 Bellovaci,
1276 804 1385 880 Bassi,

260 900 416 960 introrsus
448 900 628 979 Catoslugi,
661 901 844 978 Atrebates,
879 902 976 963 Nervi
1004 901 1112 979 liberi,
1145 899 1384 979 veromandui,

258 998 456 1076 Suaeuconi,
494 999 680 1060 Suessiones
714 999 822 1076 liberi,
860 999 1064 1060 Ulmanectes
1100 999 1208 1076 liberi,
1245 984 1395 1076 Tungri,

258 1094 397 1172 Sunuci,
429 1096 648 1174 Frisiavones,
680 1097 823 1172 Baetasi,
856 1097 954 1157 Leuci
989 1096 1096 1175 liberi,
1130 1098 1258 1158 Treveri
1291 1097 1385 1158 liberi

260 1198 355 1253 antea
383 1199 414 1254 et
435 1195 593 1272 Lingones
614 1195 785 1272 foederati,
814 1195 907 1255 Remi
928 1195 1099 1272 foederati,
1129 1182 1383 1266 Mediomatrici,

260 1291 417 1371 Sequani,
449 1292 594 1371 Raurici,
626 1293 773 1369 Helveti,
805 1292 950 1354 coloniae
978 1294 1146 1371 Equestris
1174 1298 1206 1353 et
1234 1292 1382 1353 Raurica.

261 1390 412 1451 Rhenum
450 1395 559 1451 autem
594 1391 772 1452 accolentes
803 1391 995 1467 Germaniae
1025 1390 1170 1468 gentium
1202 1391 1236 1450 in
1270 1390 1384 1451 eadem

261 1487 427 1566 provincia
458 1489 623 1566 Nemetes,
662 1488 804 1566 Triboci,
842 1489 1042 1566 Vangiones,
1078 1489 1113 1549 in
1144 1488 1224 1549 Ubis
1257 1488 1384 1549 colonia

261 1586 520 1664 Agrippinensis,
543 1586 687 1647 Guberni
707 1587 869 1664 (Tacitae,
892 1587 1005 1647 (iu-ael
1027 1586 1195 1664 Cugerni),
1220 1585 1337 1647 Batavi
1352 1591 1384 1647 et

258 1704 341 1764 quos
363 1686 397 1745 in
418 1685 533 1746 insulis
555 1684 698 1746 diximus
720 1685 834 1746 Rheni.

474 1908 599 1952 BATAVI
622 1907 846 1949 PRAETORIANI
868 1908 931 1951 UEL
953 1907 1161 1951 AUXILIARES.

301 2076 362 2135 Dio
391 2075 529 2135 Cassius
558 2075 641 2135 LIV.
671 2095 697 2135 c.
726 2076 803 2135 322.
830 2075 884 2137 καὶ
912 2075 989 2155 μετὰ
1018 2063 1109 2137 τοῦτο
1137 2076 1169 2144 ἔς
1190 2098 1221 2137 τε
1242 2075 1298 2155 τήν
1320 2080 1384 2137 τῶν

265 2172 448 2235 Οάοιπετῶν
474 2172 553 2235 κατὰ
582 2173 680 2253 αὐτὴν
707 2173 762 2253 τήν
790 2178 853 2235 τῶν
884 2172 1061 2235 Βαταούων
1089 2178 1186 2253 νῆσον
1214 2171 1301 2251 διέβη
1326 2174 1383 2249 (sc.

262 2272 416 2349 Drusus),
438 2272 491 2332 καὶ
512 2272 561 2333 ε’πὶ
582 2271 637 2351 τήν
658 2270 871 2350 Συγαμβρίδα
894 2271 1015 2333 ε’κεῖδεν
1036 2268 1264 2350 ἐπιπαρελάὼν
1282 2269 1382 2350 συχνά

258 2369 450 2451 ε’·πόριλησεν.
481 2371 513 2438 ἔς
543 2394 574 2431 τε
604 2368 658 2430 τόν
690 2368 834 2431 ὠκεανὸν
864 2368 914 2430 διὰ
943 2374 998 2430 τοῦ
1024 2368 1136 2448 Ῥήνου
1165 2367 1383 2436 καταπλεύσας

261 2468 334 2536 τούς
365 2491 396 2529 τε
431 2466 579 2546 Φρισίους
610 2468 810 2548 ᾠκειώσατο,
843 2467 896 2528 καὶ
928 2468 960 2535 ε’ς
987 2467 1043 2547 τήν
1071 2466 1220 2527 Χαυκίδα
1250 2464 1300 2527 διὰ
1330 2472 1384 2546 τῆς

261 2566 371 2645 λίμνης
392 2564 541 2644 ἐμβαλὼν
562 2563 775 2635 ἐκινδύνευσε,
797 2569 861 2626 τῶν
881 2564 1002 2627 πλοίων
1017 2564 1080 2626 ὑπὸ
1096 2570 1149 2645 τῆς
1164 2569 1218 2625 τοῦ
1235 2564 1382 2625 ὠκεανοῦ

260 2663 444 2741 παλιρροίας
472 2662 521 2724 ἐπὶ
546 2668 600 2724 τοῦ
629 2664 729 2742 ξηροῦ
759 2663 947 2741 γενομένων.
976 2661 1029 2723 καὶ
1057 2661 1124 2723 τότε
1151 2660 1209 2740 μὲν
1233 2661 1297 2723 ὑπὸ
1319 2666 1383 2722 τῶν

266 2760 405 2839 Φρισίων
432 2762 511 2840 πεζῇ
539 2759 849 2838 συνεστρατευκότων
871 2760 959 2841 αὐτῷ
980 2760 1097 2828 σωθείς
1118 2759 1302 2839 ἀνεχώρησε
1323 2765 1382 2819 cet.

301 2956 343 3017 ib.
372 2955 437 3015 LV.
467 2956 513 3015 24.
543 2954 614 3032 (ubi
643 2959 825 3014 recensetur
846 2954 1013 3033 copiarum
1035 2956 1181 3032 Augusto
1202 2954 1383 3033 imperante

261 3057 429 3131 numerus)
452 3054 534 3125 ξένοι
555 3077 586 3115 τε
606 3054 708 3122 ἱππεῖς
729 3053 896 3124 ἐπίλεκτοι,
918 3053 964 3121 οἷς
985 3052 1019 3115 τδ
1040 3058 1104 3115 τῶν
1122 3051 1302 3115 Βαταούων
1318 3051 1382 3114 ἀπὸ

261 3158 315 3233 τῆς
335 3150 504 3219 Βαταούας
525 3157 578 3231 τῆς
599 3151 632 3211 εἰ·
653 3157 698 3230 τῴ
715 3149 817 3229 Ῥήνῳ
838 3151 937 3230 νήσου
960 3150 1078 3230 ὄνομα,
1101 3150 1147 3211 ὅτι
1170 3149 1208 3230 δή
1225 3150 1383 3228 κράτιστοι

262 3249 401 3311 ἱππεύειν
428 3249 498 3319 εἶσί,
530 3254 633 3310 κεῖται·
662 3248 700 3309 ού
728 3248 834 3326 μέντοι
862 3247 1003 3327 ἀριδμδν
1024 3248 1130 3309 αὐτῶν
1151 3248 1286 3327 ἀκριβῆ,
1320 3247 1382 3316 ὥς·

261 3372 321 3427 περ
349 3347 425 3410 οὐδὲ
450 3352 513 3408 τῶν
539 3345 741 3427 ἀνακλήτωυ,
773 3346 868 3407 εἰπεῖν
897 3345 1050 3425 δύναμαι,
1079 3345 1133 3407 καὶ
1163 3345 1223 3424 γὰρ
1252 3344 1383 3414 τούτους

262 3449 380 3527 ήρξατο
416 3446 475 3525 μὲν
514 3446 650 3524 νομίζειν
689 3444 749 3524 ἀφ’
792 3441 830 3505 οὗ
864 3442 936 3512 τοὺς
971 3444 1302 3521 συστρατευσαμένους
1338 3450 1383 3523 τῴ

261 3545 355 3624 πατρὶ
391 3544 473 3623 πρὸς
509 3543 546 3604 τὰ
578 3543 659 3604 ὅπλα
692 3540 786 3611 αὖθις
816 3542 866 3604 ἐπὶ
897 3541 950 3603 τὸν
978 3540 1146 3603 Ἀντώνιον
1178 3539 1382 3611 ἀνεκάλεσεν,

262 3645 392 3725 ἐτήρησε
414 3643 462 3704 δέ·
485 3642 538 3703 καὶ
559 3641 615 3703 εἶσὶ
635 3640 689 3702 καὶ
709 3646 766 3702 νῦν
787 3639 930 3720 σύστημα
953 3640 1046 3710 ἴδιον,
1069 3638 1212 3718 ῥάβδους
1233 3638 1383 3718 φέροντες

262 3742 368 3819 ὥςπερ
390 3742 421 3802 οἷ
441 3740 671 3820 ἑκατόνταρχοι.

302 3939 344 3999 ib.
373 3937 491 3999 LXIX.
520 3936 547 3997 9.
576 3937 604 3996 6.
634 3936 718 3997 οὕτω
746 3934 806 4014 γὰρ
834 3934 942 4003 καλῶς
963 3934 1082 4014 ἤσκητο
1102 3932 1137 3994 τὸ
1160 3929 1382 4011 στρατιωτικὸν

263 4038 350 4117 αὐτῷ
378 4036 424 4105 ὥς
451 4060 481 4098 τε
509 4035 562 4097 καὶ
590 4034 624 4096 ιδ
653 4035 781 4112 ἴππικοη
810 4036 873 4093 τῶν
898 4031 1107 4110 καλουμένων
1128 4030 1307 4092 Βαταούων
1327 4028 1381 4090 τὸν

256 4133 376 4214 Ἴστρον
396 4132 474 4212 μετὰ
495 4137 558 4194 τῶν
578 4131 688 4194 ὅπλων
711 4130 899 4210 διενήξαντο.
