<?xml version="1.0" encoding="UTF-8"?>
<!DOCTYPE html PUBLIC "-//W3C//DTD XHTML 1.0 Transitional//EN"
    "http://www.w3.org/TR/xhtml1/DTD/xhtml1-transitional.dtd">
<html xmlns="http://www.w3.org/1999/xhtml" xml:lang="en" lang="en">
 <head>
  <title>
</title>
<meta http-equiv="Content-Type" content="text/html;charset=utf-8" />
  <meta name='ocr-system' content='tesseract 3.04.00' />
  <meta name='ocr-capabilities' content='ocr_page ocr_carea ocr_par ocr_line ocrx_word'/>
</head>
<body>
  <div class='ocr_page' id='page_1' title='image "./historiaecumfra00vliegoog_0048.png"; bbox 0 0 3409 4909; ppageno 0'>
   <div class='ocr_carea' id='block_1_1' title="bbox 314 484 1428 553">
    <p class='ocr_par' dir='ltr' id='par_1_1' title="bbox 314 484 1428 553">
     <span class='ocr_line' id='line_1_1' title="bbox 314 484 1428 553; baseline -0.004 -8"><span class='ocrx_word' id='word_1_1' title='bbox 314 484 353 545; x_wconf 89' lang='grc'>34</span> <span class='ocrx_word' id='word_1_2' title='bbox 739 503 879 546; x_wconf 76' lang='lat' dir='ltr'>coaxant</span> <span class='ocrx_word' id='word_1_3' title='bbox 900 504 1011 546; x_wconf 78' lang='lat' dir='ltr'>racrrr</span> <span class='ocrx_word' id='word_1_4' title='bbox 1283 492 1319 553; x_wconf 79' lang='lat' dir='ltr'>(a.</span> <span class='ocrx_word' id='word_1_5' title='bbox 1338 507 1364 541; x_wconf 87' lang='lat' dir='ltr'>u.</span> <span class='ocrx_word' id='word_1_6' title='bbox 1383 488 1428 543; x_wconf 79' lang='lat'>822</span> 
     </span>
    </p>
   </div>
   <div class='ocr_carea' id='block_1_2' title="bbox 257 672 1470 3493">
    <p class='ocr_par' dir='ltr' id='par_1_2' title="bbox 313 672 1429 752">
     <span class='ocr_line' id='line_1_2' title="bbox 313 672 1429 752; baseline -0.001 -17"><span class='ocrx_word' id='word_1_7' title='bbox 313 675 465 736; x_wconf 82' lang='lat' dir='ltr'>Vitellius</span> <span class='ocrx_word' id='word_1_8' title='bbox 503 694 577 735; x_wconf 87' lang='lat' dir='ltr'>suas</span> <span class='ocrx_word' id='word_1_9' title='bbox 615 692 744 752; x_wconf 92' lang='lat' dir='ltr'>quoque</span> <span class='ocrx_word' id='word_1_10' title='bbox 781 672 891 751; x_wconf 88' lang='lat' dir='ltr'>copias</span> <span class='ocrx_word' id='word_1_11' title='bbox 922 673 1103 751; x_wconf 90' lang='lat' dir='ltr'>supplevit,</span> <span class='ocrx_word' id='word_1_12' title='bbox 1141 678 1210 735; x_wconf 90' lang='lat' dir='ltr'>tota</span> <span class='ocrx_word' id='word_1_13' title='bbox 1240 674 1326 734; x_wconf 92' lang='lat' dir='ltr'>mole</span> <span class='ocrx_word' id='word_1_14' title='bbox 1358 672 1429 734; x_wconf 92' lang='lat' dir='ltr'>belli</span> 
     </span>
    </p>

    <p class='ocr_par' dir='ltr' id='par_1_3' title="bbox 260 771 1470 2024">
     <span class='ocr_line' id='line_1_3' title="bbox 260 771 1427 851; baseline -0.003 -15"><span class='ocrx_word' id='word_1_15' title='bbox 260 777 299 837; x_wconf 81' lang='lat'>62</span> <span class='ocrx_word' id='word_1_16' title='bbox 313 778 490 833; x_wconf 89' lang='lat' dir='ltr'>secuturus.</span> <span class='ocrx_word' id='word_1_17' title='bbox 520 771 603 832; x_wconf 87' lang='lat' dir='ltr'>Mira</span> <span class='ocrx_word' id='word_1_18' title='bbox 628 772 712 831; x_wconf 90' lang='lat' dir='ltr'>inter</span> <span class='ocrx_word' id='word_1_19' title='bbox 740 772 918 832; x_wconf 88' lang='lat' dir='ltr'>exercitum</span> <span class='ocrx_word' id='word_1_20' title='bbox 939 772 1230 851; x_wconf 78' lang='lat' dir='ltr'>imperatoremque</span> <span class='ocrx_word' id='word_1_21' title='bbox 1252 772 1427 833; x_wconf 88' lang='lat' dir='ltr'>diversitas.</span> 
     </span>
     <span class='ocr_line' id='line_1_4' title="bbox 313 868 1429 948; baseline -0.002 -17"><span class='ocrx_word' id='word_1_22' title='bbox 313 871 437 931; x_wconf 84' lang='lat' dir='ltr'>Instare</span> <span class='ocrx_word' id='word_1_23' title='bbox 464 870 574 946; x_wconf 88' lang='lat' dir='ltr'>miles,</span> <span class='ocrx_word' id='word_1_24' title='bbox 602 888 693 930; x_wconf 87' lang='lat' dir='ltr'>arma</span> <span class='ocrx_word' id='word_1_25' title='bbox 724 888 868 948; x_wconf 89' lang='lat' dir='ltr'>poscere,</span> <span class='ocrx_word' id='word_1_26' title='bbox 897 868 977 929; x_wconf 91' lang='lat' dir='ltr'>dum</span> <span class='ocrx_word' id='word_1_27' title='bbox 1003 869 1127 930; x_wconf 88' lang='lat' dir='ltr'>Galliae</span> <span class='ocrx_word' id='word_1_28' title='bbox 1147 869 1326 948; x_wconf 88' lang='lat' dir='ltr'>trepident,</span> <span class='ocrx_word' id='word_1_29' title='bbox 1356 870 1429 930; x_wconf 92' lang='lat' dir='ltr'>dum</span> 
     </span>
     <span class='ocr_line' id='line_1_5' title="bbox 312 966 1435 1047; baseline -0.001 -19"><span class='ocrx_word' id='word_1_30' title='bbox 312 969 492 1047; x_wconf 81' lang='lat' dir='ltr'>Hispaniae</span> <span class='ocrx_word' id='word_1_31' title='bbox 519 972 725 1028; x_wconf 90' lang='lat' dir='ltr'>cunctentur:</span> <span class='ocrx_word' id='word_1_32' title='bbox 754 986 821 1027; x_wconf 90' lang='lat' dir='ltr'>non</span> <span class='ocrx_word' id='word_1_33' title='bbox 847 966 975 1027; x_wconf 88' lang='lat' dir='ltr'>obstare</span> <span class='ocrx_word' id='word_1_34' title='bbox 1003 966 1144 1027; x_wconf 88' lang='lat' dir='ltr'>hiemem</span> <span class='ocrx_word' id='word_1_35' title='bbox 1172 985 1279 1047; x_wconf 90' lang='lat' dir='ltr'>neque</span> <span class='ocrx_word' id='word_1_36' title='bbox 1299 966 1435 1044; x_wconf 81' lang='lat' dir='ltr'>ignavae</span> 
     </span>
     <span class='ocr_line' id='line_1_6' title="bbox 312 1063 1456 1145; baseline 0.003 -19"><span class='ocrx_word' id='word_1_37' title='bbox 312 1067 401 1145; x_wconf 83' lang='lat' dir='ltr'>pacis</span> <span class='ocrx_word' id='word_1_38' title='bbox 415 1085 521 1126; x_wconf 90' lang='lat' dir='ltr'>moras</span> <span class='ocrx_word' id='word_1_39' title='bbox 530 1085 537 1141; x_wconf 84' lang='lat'><em>3</em></span> <span class='ocrx_word' id='word_1_40' title='bbox 559 1063 778 1125; x_wconf 85' lang='lat' dir='ltr'>invadendam</span> <span class='ocrx_word' id='word_1_41' title='bbox 793 1064 940 1142; x_wconf 89' lang='lat' dir='ltr'>ltaliam,</span> <span class='ocrx_word' id='word_1_42' title='bbox 962 1064 1186 1143; x_wconf 74' lang='lat' dir='ltr'>occupandam</span> <span class='ocrx_word' id='word_1_43' title='bbox 1201 1065 1315 1126; x_wconf 90' lang='lat' dir='ltr'>urbem</span> <span class='ocrx_word' id='word_1_44' title='bbox 1324 1086 1331 1141; x_wconf 90' lang='lat'>;</span> <span class='ocrx_word' id='word_1_45' title='bbox 1351 1064 1428 1125; x_wconf 90' lang='lat' dir='ltr'>nihil</span> <span class='ocrx_word' id='word_1_46' title='bbox 1444 1077 1456 1129; x_wconf 82' lang='lat'>5</span> 
     </span>
     <span class='ocr_line' id='line_1_7' title="bbox 312 1163 1428 1241; baseline -0.001 -17"><span class='ocrx_word' id='word_1_47' title='bbox 312 1165 346 1224; x_wconf 92' lang='lat' dir='ltr'>in</span> <span class='ocrx_word' id='word_1_48' title='bbox 374 1163 541 1224; x_wconf 84' lang='lat' dir='ltr'>discordiis</span> <span class='ocrx_word' id='word_1_49' title='bbox 569 1163 719 1224; x_wconf 90' lang='lat' dir='ltr'>civilibus</span> <span class='ocrx_word' id='word_1_50' title='bbox 746 1163 953 1224; x_wconf 87' lang='lat' dir='ltr'>festinatione</span> <span class='ocrx_word' id='word_1_51' title='bbox 980 1164 1099 1240; x_wconf 89' lang='lat' dir='ltr'>tutius,</span> <span class='ocrx_word' id='word_1_52' title='bbox 1131 1163 1188 1224; x_wconf 93' lang='lat' dir='ltr'>ubi</span> <span class='ocrx_word' id='word_1_53' title='bbox 1216 1163 1301 1225; x_wconf 83' lang='lat' dir='ltr'>sacto</span> <span class='ocrx_word' id='word_1_54' title='bbox 1330 1164 1428 1241; x_wconf 89' lang='lat' dir='ltr'>magis</span> 
     </span>
     <span class='ocr_line' id='line_1_8' title="bbox 312 1260 1430 1350; baseline -0.001 -28"><span class='ocrx_word' id='word_1_55' title='bbox 312 1282 412 1341; x_wconf 91' lang='lat' dir='ltr'>quam</span> <span class='ocrx_word' id='word_1_56' title='bbox 439 1262 587 1323; x_wconf 91' lang='lat' dir='ltr'>consulto</span> <span class='ocrx_word' id='word_1_57' title='bbox 616 1280 698 1340; x_wconf 91' lang='lat' dir='ltr'>opus</span> <span class='ocrx_word' id='word_1_58' title='bbox 726 1266 817 1321; x_wconf 89' lang='lat' dir='ltr'>esset.</span> <span class='ocrx_word' id='word_1_59' title='bbox 846 1260 1008 1350; x_wconf 81' lang='lat' dir='ltr'>Torpebat</span> <span class='ocrx_word' id='word_1_60' title='bbox 1035 1260 1186 1321; x_wconf 85' lang='lat' dir='ltr'>Vitellius</span> <span class='ocrx_word' id='word_1_61' title='bbox 1215 1265 1247 1321; x_wconf 90' lang='lat' dir='ltr'>et</span> <span class='ocrx_word' id='word_1_62' title='bbox 1267 1260 1430 1322; x_wconf 90' lang='lat' dir='ltr'>fortunam</span> 
     </span>
     <span class='ocr_line' id='line_1_9' title="bbox 312 1358 1429 1439; baseline -0.001 -19"><span class='ocrx_word' id='word_1_63' title='bbox 312 1361 513 1439; x_wconf 89' lang='lat' dir='ltr'>principatus</span> <span class='ocrx_word' id='word_1_64' title='bbox 550 1359 644 1419; x_wconf 90' lang='lat' dir='ltr'>inerti</span> <span class='ocrx_word' id='word_1_65' title='bbox 682 1360 764 1419; x_wconf 85' lang='lat' dir='ltr'>luxu</span> <span class='ocrx_word' id='word_1_66' title='bbox 801 1378 838 1418; x_wconf 89' lang='lat' dir='ltr'>ac</span> <span class='ocrx_word' id='word_1_67' title='bbox 876 1358 1018 1436; x_wconf 87' lang='lat' dir='ltr'>prodigis</span> <span class='ocrx_word' id='word_1_68' title='bbox 1053 1359 1157 1437; x_wconf 90' lang='lat' dir='ltr'>epulis</span> <span class='ocrx_word' id='word_1_69' title='bbox 1189 1358 1429 1438; x_wconf 86' lang='lat' dir='ltr'>praesumebat,</span> 
     </span>
     <span class='ocr_line' id='line_1_10' title="bbox 311 1456 1429 1534; baseline -0.001 -17"><span class='ocrx_word' id='word_1_70' title='bbox 311 1457 419 1518; x_wconf 92' lang='lat' dir='ltr'>medio</span> <span class='ocrx_word' id='word_1_71' title='bbox 447 1457 511 1518; x_wconf 90' lang='lat' dir='ltr'>diei</span> <span class='ocrx_word' id='word_1_72' title='bbox 537 1456 736 1518; x_wconf 89' lang='lat' dir='ltr'>temulentus</span> <span class='ocrx_word' id='word_1_73' title='bbox 764 1461 795 1516; x_wconf 90' lang='lat' dir='ltr'>et</span> <span class='ocrx_word' id='word_1_74' title='bbox 823 1456 934 1533; x_wconf 90' lang='lat' dir='ltr'>sagina</span> <span class='ocrx_word' id='word_1_75' title='bbox 958 1456 1080 1534; x_wconf 88' lang='lat' dir='ltr'>gravis,</span> <span class='ocrx_word' id='word_1_76' title='bbox 1109 1475 1184 1517; x_wconf 91' lang='lat' dir='ltr'>cum</span> <span class='ocrx_word' id='word_1_77' title='bbox 1205 1460 1316 1517; x_wconf 88' lang='lat' dir='ltr'>tamen</span> <span class='ocrx_word' id='word_1_78' title='bbox 1339 1456 1429 1517; x_wconf 91' lang='lat' dir='ltr'>ardor</span> 
     </span>
     <span class='ocr_line' id='line_1_11' title="bbox 312 1553 1470 1633; baseline 0.003 -18"><span class='ocrx_word' id='word_1_79' title='bbox 312 1561 344 1617; x_wconf 90' lang='lat' dir='ltr'>et</span> <span class='ocrx_word' id='word_1_80' title='bbox 372 1557 420 1616; x_wconf 91' lang='lat' dir='ltr'>vis</span> <span class='ocrx_word' id='word_1_81' title='bbox 447 1555 591 1616; x_wconf 88' lang='lat' dir='ltr'>militum</span> <span class='ocrx_word' id='word_1_82' title='bbox 619 1554 704 1614; x_wconf 91' lang='lat' dir='ltr'>ultro</span> <span class='ocrx_word' id='word_1_83' title='bbox 733 1553 824 1614; x_wconf 92' lang='lat' dir='ltr'>ducis</span> <span class='ocrx_word' id='word_1_84' title='bbox 851 1554 965 1614; x_wconf 91' lang='lat' dir='ltr'>munia</span> <span class='ocrx_word' id='word_1_85' title='bbox 994 1554 1164 1633; x_wconf 90' lang='lat' dir='ltr'>implebat,</span> <span class='ocrx_word' id='word_1_86' title='bbox 1193 1559 1230 1614; x_wconf 91' lang='lat' dir='ltr'>ut</span> <span class='ocrx_word' id='word_1_87' title='bbox 1258 1554 1286 1614; x_wconf 94' lang='lat' dir='ltr'>si</span> <span class='ocrx_word' id='word_1_88' title='bbox 1307 1554 1430 1615; x_wconf 86' lang='lat' dir='ltr'>adesset</span> <span class='ocrx_word' id='word_1_89' title='bbox 1446 1565 1470 1619; x_wconf 89' lang='lat'>10</span> 
     </span>
     <span class='ocr_line' id='line_1_12' title="bbox 311 1651 1430 1732; baseline 0.001 -20"><span class='ocrx_word' id='word_1_90' title='bbox 311 1654 486 1732; x_wconf 86' lang='lat' dir='ltr'>imperator</span> <span class='ocrx_word' id='word_1_91' title='bbox 515 1658 547 1714; x_wconf 89' lang='lat' dir='ltr'>et</span> <span class='ocrx_word' id='word_1_92' title='bbox 574 1652 713 1713; x_wconf 89' lang='lat' dir='ltr'>strenuis</span> <span class='ocrx_word' id='word_1_93' title='bbox 741 1652 793 1713; x_wconf 91' lang='lat' dir='ltr'>vel</span> <span class='ocrx_word' id='word_1_94' title='bbox 821 1652 946 1729; x_wconf 90' lang='lat' dir='ltr'>ignavis</span> <span class='ocrx_word' id='word_1_95' title='bbox 978 1672 1069 1731; x_wconf 93' lang='lat' dir='ltr'>spem</span> <span class='ocrx_word' id='word_1_96' title='bbox 1097 1657 1262 1713; x_wconf 89' lang='lat' dir='ltr'>metumve</span> <span class='ocrx_word' id='word_1_97' title='bbox 1291 1651 1430 1713; x_wconf 82' lang='lat' dir='ltr'>adderet</span> 
     </span>
     <span class='ocr_line' id='line_1_13' title="bbox 311 1750 1430 1829; baseline -0.002 -18"><span class='ocrx_word' id='word_1_98' title='bbox 311 1751 467 1811; x_wconf 88' lang='lat' dir='ltr'>Instruoti</span> <span class='ocrx_word' id='word_1_99' title='bbox 493 1751 674 1829; x_wconf 87' lang='lat' dir='ltr'>intentique</span> <span class='ocrx_word' id='word_1_100' title='bbox 702 1751 831 1828; x_wconf 86' lang='lat' dir='ltr'>signum</span> <span class='ocrx_word' id='word_1_101' title='bbox 860 1750 1066 1829; x_wconf 83' lang='lat' dir='ltr'>profectionis</span> <span class='ocrx_word' id='word_1_102' title='bbox 1088 1755 1277 1829; x_wconf 86' lang='lat' dir='ltr'>exposcunt.</span> <span class='ocrx_word' id='word_1_103' title='bbox 1307 1750 1430 1811; x_wconf 91' lang='lat' dir='ltr'>Nomen</span> 
     </span>
     <span class='ocr_line' id='line_1_14' title="bbox 312 1846 1430 1927; baseline -0.003 -18"><span class='ocrx_word' id='word_1_104' title='bbox 312 1848 496 1909; x_wconf 88' lang='lat' dir='ltr'>Germanici</span> <span class='ocrx_word' id='word_1_105' title='bbox 523 1848 655 1909; x_wconf 90' lang='lat' dir='ltr'>Vitellio</span> <span class='ocrx_word' id='word_1_106' title='bbox 683 1848 794 1910; x_wconf 90' lang='lat' dir='ltr'>statim</span> <span class='ocrx_word' id='word_1_107' title='bbox 822 1846 986 1909; x_wconf 88' lang='lat' dir='ltr'>additum:</span> <span class='ocrx_word' id='word_1_108' title='bbox 1016 1847 1185 1910; x_wconf 86' lang='lat' dir='ltr'>Caesarem</span> <span class='ocrx_word' id='word_1_109' title='bbox 1214 1867 1247 1909; x_wconf 90' lang='lat' dir='ltr'>se</span> <span class='ocrx_word' id='word_1_110' title='bbox 1275 1846 1430 1927; x_wconf 90' lang='lat' dir='ltr'>appellari</span> 
     </span>
     <span class='ocr_line' id='line_1_15' title="bbox 311 1944 729 2024; baseline -0.002 -18"><span class='ocrx_word' id='word_1_111' title='bbox 311 1945 410 2006; x_wconf 88' lang='lat' dir='ltr'>etiam</span> <span class='ocrx_word' id='word_1_112' title='bbox 430 1946 533 2007; x_wconf 91' lang='lat' dir='ltr'>victor</span> <span class='ocrx_word' id='word_1_113' title='bbox 553 1944 729 2024; x_wconf 88' lang='lat' dir='ltr'>prohibuit.</span> 
     </span>
    </p>

    <p class='ocr_par' dir='ltr' id='par_1_4' title="bbox 310 2041 1469 2611">
     <span class='ocr_line' id='line_1_16' title="bbox 351 2041 1469 2121; baseline -0.004 -18"><span class='ocrx_word' id='word_1_114' title='bbox 351 2043 488 2103; x_wconf 87' lang='lat' dir='ltr'>Laetum</span> <span class='ocrx_word' id='word_1_115' title='bbox 519 2042 691 2120; x_wconf 81' lang='lat' dir='ltr'>augurium</span> <span class='ocrx_word' id='word_1_116' title='bbox 719 2041 820 2102; x_wconf 89' lang='lat' dir='ltr'>Fabio</span> <span class='ocrx_word' id='word_1_117' title='bbox 848 2041 978 2103; x_wconf 83' lang='lat' dir='ltr'>Valenti</span> <span class='ocrx_word' id='word_1_118' title='bbox 1007 2042 1242 2121; x_wconf 86' lang='lat' dir='ltr'>exercituique,</span> <span class='ocrx_word' id='word_1_119' title='bbox 1272 2061 1371 2120; x_wconf 86' lang='lat' dir='ltr'>quem</span> <span class='ocrx_word' id='word_1_120' title='bbox 1398 2041 1429 2100; x_wconf 93' lang='lat' dir='ltr'>in</span> <span class='ocrx_word' id='word_1_121' title='bbox 1445 2053 1469 2109; x_wconf 77' lang='lat'>15</span> 
     </span>
     <span class='ocr_line' id='line_1_17' title="bbox 310 2139 1428 2220; baseline 0 -20"><span class='ocrx_word' id='word_1_122' title='bbox 310 2139 434 2201; x_wconf 90' lang='lat' dir='ltr'>bellum</span> <span class='ocrx_word' id='word_1_123' title='bbox 452 2140 581 2218; x_wconf 91' lang='lat' dir='ltr'>agebat,</span> <span class='ocrx_word' id='word_1_124' title='bbox 603 2141 674 2219; x_wconf 93' lang='lat' dir='ltr'>ipso</span> <span class='ocrx_word' id='word_1_125' title='bbox 689 2140 897 2219; x_wconf 90' lang='lat' dir='ltr'>profectionis</span> <span class='ocrx_word' id='word_1_126' title='bbox 913 2139 965 2201; x_wconf 89' lang='lat' dir='ltr'>die</span> <span class='ocrx_word' id='word_1_127' title='bbox 980 2141 1090 2219; x_wconf 87' lang='lat' dir='ltr'>aquila</span> <span class='ocrx_word' id='word_1_128' title='bbox 1104 2141 1170 2200; x_wconf 91' lang='lat' dir='ltr'>leni</span> <span class='ocrx_word' id='word_1_129' title='bbox 1185 2144 1310 2216; x_wconf 86' lang='lat' dir='ltr'>meatu,</span> <span class='ocrx_word' id='word_1_130' title='bbox 1334 2144 1428 2220; x_wconf 88' lang='lat' dir='ltr'>prout</span> 
     </span>
     <span class='ocr_line' id='line_1_18' title="bbox 311 2238 1429 2317; baseline -0.001 -18"><span class='ocrx_word' id='word_1_131' title='bbox 311 2258 426 2316; x_wconf 86' lang='lat' dir='ltr'>agmen</span> <span class='ocrx_word' id='word_1_132' title='bbox 456 2238 633 2316; x_wconf 84' lang='lat' dir='ltr'>incederet,</span> <span class='ocrx_word' id='word_1_133' title='bbox 665 2238 756 2299; x_wconf 91' lang='lat' dir='ltr'>velut</span> <span class='ocrx_word' id='word_1_134' title='bbox 786 2238 856 2298; x_wconf 88' lang='lat' dir='ltr'>dux</span> <span class='ocrx_word' id='word_1_135' title='bbox 885 2238 956 2299; x_wconf 91' lang='lat' dir='ltr'>viae</span> <span class='ocrx_word' id='word_1_136' title='bbox 985 2238 1187 2317; x_wconf 91' lang='lat' dir='ltr'>praevolavit</span> <span class='ocrx_word' id='word_1_137' title='bbox 1194 2259 1201 2315; x_wconf 83' lang='lat'><em>3</em></span> <span class='ocrx_word' id='word_1_138' title='bbox 1233 2238 1429 2317; x_wconf 87' lang='lat' dir='ltr'>longumque</span> 
     </span>
     <span class='ocr_line' id='line_1_19' title="bbox 310 2336 1429 2417; baseline -0.001 -20"><span class='ocrx_word' id='word_1_139' title='bbox 310 2357 368 2417; x_wconf 91' lang='lat' dir='ltr'>per</span> <span class='ocrx_word' id='word_1_140' title='bbox 389 2338 532 2416; x_wconf 89' lang='lat' dir='ltr'>spatium</span> <span class='ocrx_word' id='word_1_141' title='bbox 552 2337 580 2397; x_wconf 90' lang='lat' dir='ltr'>is</span> <span class='ocrx_word' id='word_1_142' title='bbox 601 2336 813 2414; x_wconf 85' lang='lat' dir='ltr'>gaudentium</span> <span class='ocrx_word' id='word_1_143' title='bbox 833 2336 978 2398; x_wconf 89' lang='lat' dir='ltr'>militum</span> <span class='ocrx_word' id='word_1_144' title='bbox 1000 2336 1136 2413; x_wconf 88' lang='lat' dir='ltr'>clamor,</span> <span class='ocrx_word' id='word_1_145' title='bbox 1164 2356 1201 2397; x_wconf 92' lang='lat' dir='ltr'>ea</span> <span class='ocrx_word' id='word_1_146' title='bbox 1222 2337 1314 2415; x_wconf 88' lang='lat' dir='ltr'>quies</span> <span class='ocrx_word' id='word_1_147' title='bbox 1335 2337 1429 2397; x_wconf 87' lang='lat' dir='ltr'>inter·</span> 
     </span>
     <span class='ocr_line' id='line_1_20' title="bbox 310 2432 1428 2513; baseline 0.001 -20"><span class='ocrx_word' id='word_1_148' title='bbox 310 2434 390 2495; x_wconf 87' lang='lat' dir='ltr'>ritae</span> <span class='ocrx_word' id='word_1_149' title='bbox 418 2434 504 2495; x_wconf 90' lang='lat' dir='ltr'>alitis</span> <span class='ocrx_word' id='word_1_150' title='bbox 532 2434 610 2511; x_wconf 83' lang='lat' dir='ltr'>fuit,</span> <span class='ocrx_word' id='word_1_151' title='bbox 638 2439 676 2494; x_wconf 91' lang='lat' dir='ltr'>ut</span> <span class='ocrx_word' id='word_1_152' title='bbox 702 2433 792 2494; x_wconf 91' lang='lat' dir='ltr'>haud</span> <span class='ocrx_word' id='word_1_153' title='bbox 820 2433 957 2494; x_wconf 92' lang='lat' dir='ltr'>dubium</span> <span class='ocrx_word' id='word_1_154' title='bbox 984 2453 1119 2511; x_wconf 88' lang='lat' dir='ltr'>magnae</span> <span class='ocrx_word' id='word_1_155' title='bbox 1141 2439 1173 2495; x_wconf 88' lang='lat' dir='ltr'>et</span> <span class='ocrx_word' id='word_1_156' title='bbox 1193 2451 1367 2513; x_wconf 89' lang='lat' dir='ltr'>prosperae</span> <span class='ocrx_word' id='word_1_157' title='bbox 1386 2432 1428 2494; x_wconf 90' lang='lat' dir='ltr'>rei</span> 
     </span>
     <span class='ocr_line' id='line_1_21' title="bbox 310 2531 1468 2611; baseline -0.001 -19"><span class='ocrx_word' id='word_1_158' title='bbox 310 2551 406 2593; x_wconf 92' lang='lat' dir='ltr'>omen</span> <span class='ocrx_word' id='word_1_159' title='bbox 437 2533 641 2611; x_wconf 90' lang='lat' dir='ltr'>acciperetur.</span> <span class='ocrx_word' id='word_1_160' title='bbox 674 2532 716 2591; x_wconf 81' lang='lat' dir='ltr'>Et</span> <span class='ocrx_word' id='word_1_161' title='bbox 747 2532 900 2593; x_wconf 88' lang='lat' dir='ltr'>Treveros</span> <span class='ocrx_word' id='word_1_162' title='bbox 929 2531 1078 2611; x_wconf 91' lang='lat' dir='ltr'>quidem,</span> <span class='ocrx_word' id='word_1_163' title='bbox 1110 2536 1148 2592; x_wconf 89' lang='lat' dir='ltr'>ut</span> <span class='ocrx_word' id='word_1_164' title='bbox 1175 2532 1295 2609; x_wconf 88' lang='lat' dir='ltr'>socios,</span> <span class='ocrx_word' id='word_1_165' title='bbox 1328 2531 1468 2598; x_wconf 75' lang='lat' dir='ltr'>securitu</span> 
     </span>
    </p>

    <p class='ocr_par' dir='ltr' id='par_1_5' title="bbox 257 2629 1469 3493">
     <span class='ocr_line' id='line_1_22' title="bbox 257 2629 1427 2710; baseline 0.001 -21"><span class='ocrx_word' id='word_1_166' title='bbox 257 2637 295 2697; x_wconf 87' lang='lat'>63</span> <span class='ocrx_word' id='word_1_167' title='bbox 309 2629 425 2692; x_wconf 91' lang='lat' dir='ltr'>adiere.</span> <span class='ocrx_word' id='word_1_168' title='bbox 454 2630 612 2691; x_wconf 90' lang='lat' dir='ltr'>Divoduri</span> <span class='ocrx_word' id='word_1_169' title='bbox 641 2629 974 2707; x_wconf 78' lang='lat' dir='ltr'>(Mediomatricorum</span> <span class='ocrx_word' id='word_1_170' title='bbox 995 2629 1030 2689; x_wconf 91' lang='lat' dir='ltr'>id</span> <span class='ocrx_word' id='word_1_171' title='bbox 1052 2630 1210 2709; x_wconf 90' lang='lat' dir='ltr'>oppidum</span> <span class='ocrx_word' id='word_1_172' title='bbox 1232 2632 1295 2707; x_wconf 89' lang='lat' dir='ltr'>est)</span> <span class='ocrx_word' id='word_1_173' title='bbox 1319 2650 1427 2710; x_wconf 90' lang='lat' dir='ltr'>quam-</span> 
     </span>
     <span class='ocr_line' id='line_1_23' title="bbox 309 2727 1428 2807; baseline 0.002 -20"><span class='ocrx_word' id='word_1_174' title='bbox 309 2747 409 2806; x_wconf 92' lang='lat' dir='ltr'>quam</span> <span class='ocrx_word' id='word_1_175' title='bbox 437 2728 527 2788; x_wconf 91' lang='lat' dir='ltr'>omni</span> <span class='ocrx_word' id='word_1_176' title='bbox 555 2728 705 2788; x_wconf 88' lang='lat' dir='ltr'>comitate</span> <span class='ocrx_word' id='word_1_177' title='bbox 730 2733 881 2806; x_wconf 84' lang='lat' dir='ltr'>exceptos</span> <span class='ocrx_word' id='word_1_178' title='bbox 902 2727 1028 2788; x_wconf 91' lang='lat' dir='ltr'>subitus</span> <span class='ocrx_word' id='word_1_179' title='bbox 1050 2747 1151 2807; x_wconf 90' lang='lat' dir='ltr'>pavor</span> <span class='ocrx_word' id='word_1_180' title='bbox 1172 2728 1301 2805; x_wconf 88' lang='lat' dir='ltr'>terruit,</span> <span class='ocrx_word' id='word_1_181' title='bbox 1330 2728 1428 2807; x_wconf 86' lang='lat' dir='ltr'>raptis</span> 
     </span>
     <span class='ocr_line' id='line_1_24' title="bbox 310 2824 1426 2904; baseline 0.001 -20"><span class='ocrx_word' id='word_1_182' title='bbox 310 2832 440 2903; x_wconf 90' lang='lat' dir='ltr'>repente</span> <span class='ocrx_word' id='word_1_183' title='bbox 462 2826 560 2885; x_wconf 87' lang='lat' dir='ltr'>armis</span> <span class='ocrx_word' id='word_1_184' title='bbox 582 2825 623 2885; x_wconf 90' lang='lat' dir='ltr'>ad</span> <span class='ocrx_word' id='word_1_185' title='bbox 645 2824 775 2885; x_wconf 87' lang='lat' dir='ltr'>caedem</span> <span class='ocrx_word' id='word_1_186' title='bbox 790 2825 943 2885; x_wconf 86' lang='lat' dir='ltr'>innoxiae</span> <span class='ocrx_word' id='word_1_187' title='bbox 959 2825 1115 2901; x_wconf 88' lang='lat' dir='ltr'>civitatis,</span> <span class='ocrx_word' id='word_1_188' title='bbox 1137 2844 1203 2885; x_wconf 90' lang='lat' dir='ltr'>non</span> <span class='ocrx_word' id='word_1_189' title='bbox 1219 2825 1259 2885; x_wconf 95' lang='lat' dir='ltr'>ob</span> <span class='ocrx_word' id='word_1_190' title='bbox 1275 2825 1426 2904; x_wconf 90' lang='lat' dir='ltr'>praedam</span> 
     </span>
     <span class='ocr_line' id='line_1_25' title="bbox 312 2922 1428 3002; baseline 0.001 -20"><span class='ocrx_word' id='word_1_191' title='bbox 312 2928 369 2984; x_wconf 88' lang='lat' dir='ltr'>aut</span> <span class='ocrx_word' id='word_1_192' title='bbox 390 2922 551 3002; x_wconf 86' lang='lat' dir='ltr'>spoliandi</span> <span class='ocrx_word' id='word_1_193' title='bbox 573 2922 739 3001; x_wconf 90' lang='lat' dir='ltr'>cupidine,</span> <span class='ocrx_word' id='word_1_194' title='bbox 762 2922 818 2982; x_wconf 84' lang='lat' dir='ltr'>sed</span> <span class='ocrx_word' id='word_1_195' title='bbox 839 2922 945 2983; x_wconf 86' lang='lat' dir='ltr'>furore</span> <span class='ocrx_word' id='word_1_196' title='bbox 967 2928 999 2983; x_wconf 91' lang='lat' dir='ltr'>et</span> <span class='ocrx_word' id='word_1_197' title='bbox 1019 2922 1106 2983; x_wconf 90' lang='lat' dir='ltr'>rabie</span> <span class='ocrx_word' id='word_1_198' title='bbox 1127 2928 1159 2984; x_wconf 89' lang='lat' dir='ltr'>et</span> <span class='ocrx_word' id='word_1_199' title='bbox 1180 2923 1286 2984; x_wconf 90' lang='lat' dir='ltr'>causis</span> <span class='ocrx_word' id='word_1_200' title='bbox 1301 2923 1428 2984; x_wconf 88' lang='lat' dir='ltr'>incertis</span> 
     </span>
     <span class='ocr_line' id='line_1_26' title="bbox 312 3019 1469 3099; baseline 0.002 -19"><span class='ocrx_word' id='word_1_201' title='bbox 312 3039 413 3099; x_wconf 91' lang='lat' dir='ltr'>eoque</span> <span class='ocrx_word' id='word_1_202' title='bbox 435 3019 669 3081; x_wconf 90' lang='lat' dir='ltr'>difficilioribus</span> <span class='ocrx_word' id='word_1_203' title='bbox 691 3020 856 3096; x_wconf 88' lang='lat' dir='ltr'>remediis,</span> <span class='ocrx_word' id='word_1_204' title='bbox 885 3020 986 3081; x_wconf 89' lang='lat' dir='ltr'>donec</span> <span class='ocrx_word' id='word_1_205' title='bbox 1008 3020 1156 3099; x_wconf 91' lang='lat' dir='ltr'>precibus</span> <span class='ocrx_word' id='word_1_206' title='bbox 1178 3020 1269 3081; x_wconf 93' lang='lat' dir='ltr'>ducis</span> <span class='ocrx_word' id='word_1_207' title='bbox 1290 3020 1428 3099; x_wconf 86' lang='lat' dir='ltr'>mitigati</span> <span class='ocrx_word' id='word_1_208' title='bbox 1442 3033 1469 3088; x_wconf 69' lang='lat' dir='ltr'>tt</span> 
     </span>
     <span class='ocr_line' id='line_1_27' title="bbox 310 3108 1428 3198; baseline 0 -20"><span class='ocrx_word' id='word_1_209' title='bbox 310 3117 351 3178; x_wconf 92' lang='lat' dir='ltr'>ab</span> <span class='ocrx_word' id='word_1_210' title='bbox 379 3108 505 3179; x_wconf 87' lang='lat' dir='ltr'>excidio</span> <span class='ocrx_word' id='word_1_211' title='bbox 533 3119 674 3180; x_wconf 91' lang='lat' dir='ltr'>civitatis</span> <span class='ocrx_word' id='word_1_212' title='bbox 702 3124 937 3197; x_wconf 88' lang='lat' dir='ltr'>temperavere:</span> <span class='ocrx_word' id='word_1_213' title='bbox 970 3138 1062 3179; x_wconf 89' lang='lat' dir='ltr'>caesa</span> <span class='ocrx_word' id='word_1_214' title='bbox 1083 3123 1191 3179; x_wconf 91' lang='lat' dir='ltr'>tamen</span> <span class='ocrx_word' id='word_1_215' title='bbox 1213 3118 1254 3179; x_wconf 88' lang='lat' dir='ltr'>ad</span> <span class='ocrx_word' id='word_1_216' title='bbox 1276 3124 1428 3198; x_wconf 89' lang='lat' dir='ltr'>quattuor</span> 
     </span>
     <span class='ocr_line' id='line_1_28' title="bbox 309 3216 1427 3295; baseline 0.003 -20"><span class='ocrx_word' id='word_1_217' title='bbox 309 3216 400 3275; x_wconf 89' lang='lat' dir='ltr'>milia</span> <span class='ocrx_word' id='word_1_218' title='bbox 431 3216 613 3277; x_wconf 91' lang='lat' dir='ltr'>hominum.</span> <span class='ocrx_word' id='word_1_219' title='bbox 646 3216 742 3295; x_wconf 87' lang='lat' dir='ltr'>isque</span> <span class='ocrx_word' id='word_1_220' title='bbox 774 3221 874 3276; x_wconf 90' lang='lat' dir='ltr'>terror</span> <span class='ocrx_word' id='word_1_221' title='bbox 903 3216 1025 3276; x_wconf 86' lang='lat' dir='ltr'>Gallias</span> <span class='ocrx_word' id='word_1_222' title='bbox 1053 3217 1189 3293; x_wconf 89' lang='lat' dir='ltr'>invasit,</span> <span class='ocrx_word' id='word_1_223' title='bbox 1220 3221 1258 3277; x_wconf 90' lang='lat' dir='ltr'>ut</span> <span class='ocrx_word' id='word_1_224' title='bbox 1285 3216 1427 3278; x_wconf 86' lang='lat' dir='ltr'>venienti</span> 
     </span>
     <span class='ocr_line' id='line_1_29' title="bbox 308 3314 1428 3394; baseline 0.003 -21"><span class='ocrx_word' id='word_1_225' title='bbox 308 3334 386 3374; x_wconf 84' lang='lat' dir='ltr'>mox</span> <span class='ocrx_word' id='word_1_226' title='bbox 410 3314 531 3391; x_wconf 89' lang='lat' dir='ltr'>agmini</span> <span class='ocrx_word' id='word_1_227' title='bbox 553 3315 720 3375; x_wconf 87' lang='lat' dir='ltr'>universae</span> <span class='ocrx_word' id='word_1_228' title='bbox 743 3314 888 3375; x_wconf 90' lang='lat' dir='ltr'>civitates</span> <span class='ocrx_word' id='word_1_229' title='bbox 911 3334 985 3374; x_wconf 93' lang='lat' dir='ltr'>cum</span> <span class='ocrx_word' id='word_1_230' title='bbox 1007 3314 1247 3391; x_wconf 87' lang='lat' dir='ltr'>magistratibus</span> <span class='ocrx_word' id='word_1_231' title='bbox 1269 3318 1301 3375; x_wconf 89' lang='lat' dir='ltr'>et</span> <span class='ocrx_word' id='word_1_232' title='bbox 1323 3334 1428 3394; x_wconf 90' lang='lat' dir='ltr'>proce·</span> 
     </span>
     <span class='ocr_line' id='line_1_30' title="bbox 308 3411 1427 3493; baseline 0.002 -22"><span class='ocrx_word' id='word_1_233' title='bbox 308 3411 396 3471; x_wconf 92' lang='lat' dir='ltr'>ribus</span> <span class='ocrx_word' id='word_1_234' title='bbox 418 3418 634 3489; x_wconf 87' lang='lat' dir='ltr'>occurrerent,</span> <span class='ocrx_word' id='word_1_235' title='bbox 663 3413 772 3472; x_wconf 87' lang='lat' dir='ltr'>stratis</span> <span class='ocrx_word' id='word_1_236' title='bbox 794 3432 851 3490; x_wconf 89' lang='lat' dir='ltr'>per</span> <span class='ocrx_word' id='word_1_237' title='bbox 872 3413 941 3473; x_wconf 92' lang='lat' dir='ltr'>vias</span> <span class='ocrx_word' id='word_1_238' title='bbox 963 3412 1091 3473; x_wconf 88' lang='lat' dir='ltr'>feminis</span> <span class='ocrx_word' id='word_1_239' title='bbox 1113 3412 1302 3491; x_wconf 90' lang='lat' dir='ltr'>puerisque,</span> <span class='ocrx_word' id='word_1_240' title='bbox 1333 3431 1427 3493; x_wconf 89' lang='lat' dir='ltr'>quae·</span> 
     </span>
    </p>
   </div>
   <div class='ocr_carea' id='block_1_3' title="bbox 305 3597 1427 4271">
    <p class='ocr_par' dir='ltr' id='par_1_6' title="bbox 307 3597 1427 3828">
     <span class='ocr_line' id='line_1_31' title="bbox 343 3597 1427 3669; baseline 0.001 -18"><span class='ocrx_word' id='word_1_241' title='bbox 343 3599 367 3651; x_wconf 76' lang='lat'>2.</span> <span class='ocrx_word' id='word_1_242' title='bbox 388 3601 455 3651; x_wconf 86' lang='lat' dir='ltr'>mira</span> <span class='ocrx_word' id='word_1_243' title='bbox 467 3598 540 3651; x_wconf 59' lang='lat' dir='ltr'>‘inter</span> <span class='ocrx_word' id='word_1_244' title='bbox 558 3601 612 3650; x_wconf 87' lang='lat' dir='ltr'>cdd.</span> <span class='ocrx_word' id='word_1_245' title='bbox 632 3601 680 3651; x_wconf 82' lang='lat' dir='ltr'>det.</span> <span class='ocrx_word' id='word_1_246' title='bbox 700 3600 811 3650; x_wconf 87' lang='lat' dir='ltr'>mirante</span> <span class='ocrx_word' id='word_1_247' title='bbox 831 3600 860 3651; x_wconf 98' lang='lat' dir='ltr'>F.</span> <span class='ocrx_word' id='word_1_248' title='bbox 881 3630 914 3637; x_wconf 91' lang='lat'>—</span> <span class='ocrx_word' id='word_1_249' title='bbox 934 3599 958 3652; x_wconf 84' lang='lat' dir='ltr'>c.</span> <span class='ocrx_word' id='word_1_250' title='bbox 979 3599 1072 3650; x_wconf 91' lang='lat' dir='ltr'>uilibus</span> <span class='ocrx_word' id='word_1_251' title='bbox 1091 3597 1329 3669; x_wconf 70' lang='lat' dir='ltr'>Flestinatiuslne</span> <span class='ocrx_word' id='word_1_252' title='bbox 1344 3601 1373 3652; x_wconf 91' lang='lat' dir='ltr'>F.</span> <span class='ocrx_word' id='word_1_253' title='bbox 1395 3628 1427 3638; x_wconf 93' lang='lat'>-</span> 
     </span>
     <span class='ocr_line' id='line_1_32' title="bbox 307 3688 1426 3754; baseline 0.002 -15"><span class='ocrx_word' id='word_1_254' title='bbox 307 3688 331 3741; x_wconf 88' lang='lat'>8.</span> <span class='ocrx_word' id='word_1_255' title='bbox 357 3690 468 3740; x_wconf 88' lang='lat' dir='ltr'>lnmcrti</span> <span class='ocrx_word' id='word_1_256' title='bbox 493 3690 523 3740; x_wconf 90' lang='lat' dir='ltr'>F.</span> <span class='ocrx_word' id='word_1_257' title='bbox 550 3718 583 3726; x_wconf 92' lang='lat'><em>-</em></span> <span class='ocrx_word' id='word_1_258' title='bbox 610 3690 650 3740; x_wconf 86' lang='lat'>11.</span> <span class='ocrx_word' id='word_1_259' title='bbox 673 3694 774 3754; x_wconf 79' lang='lat' dir='ltr'>nretirq3</span> <span class='ocrx_word' id='word_1_260' title='bbox 801 3688 835 3739; x_wconf 89' lang='lat' dir='ltr'>Fl</span> <span class='ocrx_word' id='word_1_261' title='bbox 859 3706 920 3739; x_wconf 82' lang='lat' dir='ltr'>corr.</span> <span class='ocrx_word' id='word_1_262' title='bbox 945 3706 976 3739; x_wconf 86' lang='lat' dir='ltr'>m.</span> <span class='ocrx_word' id='word_1_263' title='bbox 1003 3689 1090 3739; x_wconf 82' lang='lat' dir='ltr'>eudem</span> <span class='ocrx_word' id='word_1_264' title='bbox 1112 3689 1141 3738; x_wconf 78' lang='lat' dir='ltr'>in</span> <span class='ocrx_word' id='word_1_265' title='bbox 1166 3695 1304 3739; x_wconf 90' lang='lat' dir='ltr'>metumue.</span> <span class='ocrx_word' id='word_1_266' title='bbox 1331 3717 1364 3725; x_wconf 97' lang='lat'>—</span> <span class='ocrx_word' id='word_1_267' title='bbox 1387 3689 1426 3741; x_wconf 86' lang='lat'>13.</span> 
     </span>
     <span class='ocr_line' id='line_1_33' title="bbox 379 3793 678 3828; baseline 0 -29"><span class='ocrx_word' id='word_1_268' title='bbox 379 3796 394 3828; x_wconf 68' lang='lat' dir='ltr'>v</span> <span class='ocrx_word' id='word_1_269' title='bbox 675 3793 678 3799; x_wconf 92' lang='lat'><strong>.</strong></span> 
     </span>
    </p>

    <p class='ocr_par' dir='ltr' id='par_1_7' title="bbox 305 3847 1427 4271">
     <span class='ocr_line' id='line_1_34' title="bbox 307 3847 1426 3916; baseline 0 -17"><span class='ocrx_word' id='word_1_270' title='bbox 307 3849 394 3899; x_wconf 88' lang='lat' dir='ltr'>addito</span> <span class='ocrx_word' id='word_1_271' title='bbox 420 3850 442 3899; x_wconf 90' lang='lat' dir='ltr'>F</span> <span class='ocrx_word' id='word_1_272' title='bbox 467 3851 538 3916; x_wconf 83' lang='lat' dir='ltr'>(corr.</span> <span class='ocrx_word' id='word_1_273' title='bbox 564 3848 580 3899; x_wconf 81' lang='lat'>2</span> <span class='ocrx_word' id='word_1_274' title='bbox 605 3848 649 3914; x_wconf 85' lang='lat' dir='ltr'>m.)</span> <span class='ocrx_word' id='word_1_275' title='bbox 674 3879 706 3887; x_wconf 91' lang='lat'>—</span> <span class='ocrx_word' id='word_1_276' title='bbox 735 3850 774 3900; x_wconf 83' lang='lat'>15.</span> <span class='ocrx_word' id='word_1_277' title='bbox 800 3849 911 3899; x_wconf 89' lang='lat' dir='ltr'>Laetum</span> <span class='ocrx_word' id='word_1_278' title='bbox 936 3848 1073 3914; x_wconf 86' lang='lat' dir='ltr'>augurium</span> <span class='ocrx_word' id='word_1_279' title='bbox 1097 3848 1197 3898; x_wconf 81' lang='lat' dir='ltr'>seclusit</span> <span class='ocrx_word' id='word_1_280' title='bbox 1219 3847 1300 3915; x_wconf 80' lang='lat' dir='ltr'>Nipp.</span> <span class='ocrx_word' id='word_1_281' title='bbox 1321 3849 1359 3886; x_wconf 77' lang='grc'>’-</span> <span class='ocrx_word' id='word_1_282' title='bbox 1387 3848 1426 3901; x_wconf 89' lang='grc'>16.</span> 
     </span>
     <span class='ocr_line' id='line_1_35' title="bbox 307 3936 1427 4003; baseline -0.001 -14"><span class='ocrx_word' id='word_1_283' title='bbox 307 3938 358 3989; x_wconf 90' lang='lat' dir='ltr'>leni</span> <span class='ocrx_word' id='word_1_284' title='bbox 378 3938 515 3988; x_wconf 76' lang='lat' dir='ltr'>Acidaliae</span> <span class='ocrx_word' id='word_1_285' title='bbox 539 3938 589 3989; x_wconf 91' lang='lat' dir='ltr'>leui</span> <span class='ocrx_word' id='word_1_286' title='bbox 612 3939 642 3988; x_wconf 91' lang='lat' dir='ltr'>F.</span> <span class='ocrx_word' id='word_1_287' title='bbox 669 3969 702 3975; x_wconf 92' lang='lat'>—</span> <span class='ocrx_word' id='word_1_288' title='bbox 721 3936 763 3992; x_wconf 73' lang='lat'>[³0.</span> <span class='ocrx_word' id='word_1_289' title='bbox 783 3955 877 3988; x_wconf 86' lang='lat' dir='ltr'>nomen</span> <span class='ocrx_word' id='word_1_290' title='bbox 897 3939 926 4002; x_wconf 80' lang='lat' dir='ltr'>(i.</span> <span class='ocrx_word' id='word_1_291' title='bbox 947 3956 967 3987; x_wconf 85' lang='lat' dir='ltr'>c.</span> <span class='ocrx_word' id='word_1_292' title='bbox 988 3937 1059 4002; x_wconf 66' lang='lat' dir='ltr'>nom)</span> <span class='ocrx_word' id='word_1_293' title='bbox 1078 3937 1108 3987; x_wconf 88' lang='lat' dir='ltr'>F.</span> <span class='ocrx_word' id='word_1_294' title='bbox 1135 3968 1169 3974; x_wconf 92' lang='lat'><em>-</em></span> <span class='ocrx_word' id='word_1_295' title='bbox 1188 3936 1230 3987; x_wconf 79' lang='lat'>22.</span> <span class='ocrx_word' id='word_1_296' title='bbox 1257 3937 1371 4003; x_wconf 86' lang='lat' dir='ltr'>raptisae</span> <span class='ocrx_word' id='word_1_297' title='bbox 1389 3954 1427 3988; x_wconf 88' lang='lat' dir='ltr'>re-</span> 
     </span>
     <span class='ocr_line' id='line_1_36' title="bbox 306 4025 1426 4093; baseline 0 -16"><span class='ocrx_word' id='word_1_298' title='bbox 306 4036 383 4093; x_wconf 88' lang='lat' dir='ltr'>pente</span> <span class='ocrx_word' id='word_1_299' title='bbox 401 4025 435 4077; x_wconf 86' lang='lat' dir='ltr'>Fl</span> <span class='ocrx_word' id='word_1_300' title='bbox 453 4027 534 4093; x_wconf 88' lang='lat' dir='ltr'>raptis</span> <span class='ocrx_word' id='word_1_301' title='bbox 552 4027 690 4093; x_wconf 87' lang='lat' dir='ltr'>derepente</span> <span class='ocrx_word' id='word_1_302' title='bbox 712 4026 819 4078; x_wconf 82' lang='lat' dir='ltr'>Gronov.</span> <span class='ocrx_word' id='word_1_303' title='bbox 846 4056 879 4064; x_wconf 87' lang='lat'>—</span> <span class='ocrx_word' id='word_1_304' title='bbox 899 4026 941 4077; x_wconf 77' lang='lat'>24.</span> <span class='ocrx_word' id='word_1_305' title='bbox 965 4026 1085 4092; x_wconf 74' lang='lat' dir='ltr'>cupidine</span> <span class='ocrx_word' id='word_1_306' title='bbox 1104 4025 1146 4077; x_wconf 87' lang='lat' dir='ltr'>Fl.</span> <span class='ocrx_word' id='word_1_307' title='bbox 1171 4056 1204 4064; x_wconf 95' lang='lat'><em>-</em></span> <span class='ocrx_word' id='word_1_308' title='bbox 1224 4025 1279 4093; x_wconf 80' lang='lat' dir='ltr'>sed]</span> <span class='ocrx_word' id='word_1_309' title='bbox 1299 4035 1324 4077; x_wconf 94' lang='lat' dir='ltr'>et</span> <span class='ocrx_word' id='word_1_310' title='bbox 1343 4026 1373 4077; x_wconf 92' lang='lat' dir='ltr'>F.</span> <span class='ocrx_word' id='word_1_311' title='bbox 1395 4054 1426 4064; x_wconf 89' lang='lat'>-</span> 
     </span>
     <span class='ocr_line' id='line_1_37' title="bbox 306 4114 1426 4196; baseline 0 -30"><span class='ocrx_word' id='word_1_312' title='bbox 306 4115 348 4168; x_wconf 69' lang='lat'>⁶26.</span> <span class='ocrx_word' id='word_1_313' title='bbox 372 4116 415 4182; x_wconf 85' lang='lat' dir='ltr'>ad]</span> <span class='ocrx_word' id='word_1_314' title='bbox 435 4133 451 4165; x_wconf 87' lang='lat' dir='ltr'>a</span> <span class='ocrx_word' id='word_1_315' title='bbox 469 4116 499 4166; x_wconf 86' lang='lat' dir='ltr'>F.</span> <span class='ocrx_word' id='word_1_316' title='bbox 520 4146 553 4153; x_wconf 92' lang='lat'><em>-</em></span> <span class='ocrx_word' id='word_1_317' title='bbox 572 4114 614 4168; x_wconf 85' lang='lat'>28.</span> <span class='ocrx_word' id='word_1_318' title='bbox 640 4116 789 4181; x_wconf 89' lang='lat' dir='ltr'>proceribus</span> <span class='ocrx_word' id='word_1_319' title='bbox 810 4114 974 4167; x_wconf 78' lang='lat' dir='ltr'>Cornelissen.</span> <span class='ocrx_word' id='word_1_320' title='bbox 1000 4117 1029 4180; x_wconf 81' lang='lat' dir='ltr'>cf.</span> <span class='ocrx_word' id='word_1_321' title='bbox 1050 4116 1119 4166; x_wconf 79' lang='lat' dir='ltr'>Aac.</span> <span class='ocrx_word' id='word_1_322' title='bbox 1142 4116 1182 4166; x_wconf 86' lang='lat'>14.</span> <span class='ocrx_word' id='word_1_323' title='bbox 1202 4115 1236 4196; x_wconf 53' lang='lat'>53</span> <span class='ocrx_word' id='word_1_324' title='bbox 1256 4144 1289 4151; x_wconf 92' lang='lat'><em>—</em></span> <span class='ocrx_word' id='word_1_325' title='bbox 1308 4114 1426 4181; x_wconf 82' lang='lat' dir='ltr'>precibus</span> 
     </span>
     <span class='ocr_line' id='line_1_38' title="bbox 305 4204 784 4271; baseline 0 -16"><span class='ocrx_word' id='word_1_326' title='bbox 305 4205 328 4255; x_wconf 86' lang='lat' dir='ltr'><strong>F</strong></span> <span class='ocrx_word' id='word_1_327' title='bbox 346 4204 505 4270; x_wconf 89' lang='lat' dir='ltr'>principibus</span> <span class='ocrx_word' id='word_1_328' title='bbox 523 4222 578 4254; x_wconf 84' lang='lat' dir='ltr'>cum</span> <span class='ocrx_word' id='word_1_329' title='bbox 600 4204 685 4255; x_wconf 80' lang='lat' dir='ltr'>Werio</span> <span class='ocrx_word' id='word_1_330' title='bbox 704 4204 784 4271; x_wconf 87' lang='lat' dir='ltr'>Nipp.</span> 
     </span>
    </p>
   </div>
   <div class='ocr_carea' id='block_1_4' title="bbox 0 0 1710 4909">
    <p class='ocr_par' dir='ltr' id='par_1_8' title="bbox 0 0 1710 4909">
     <span class='ocr_line' id='line_1_39' title="bbox 0 0 1710 4909; baseline 0 2"><span class='ocrx_word' id='word_1_331' title='bbox 0 0 1710 4909; x_wconf 95' lang='lat' dir='ltr'> </span> 
     </span>
    </p>
   </div>
  </div>
 </body>
</html>
