3409 4909
307 434 365 494 184
729 449 870 492 coruum
892 449 1003 491 nscrrr
1277 433 1312 499 (a.
1332 449 1357 483 u.
1376 431 1427 486 823

304 620 434 682 obviam
462 620 562 697 itum,
591 620 735 681 omisere.
765 619 953 695 Mucianus,
979 637 1019 678 ne
1048 618 1156 696 sperni
1185 623 1318 677 senatus
1347 615 1428 677 iudi-

304 718 390 778 cium
419 724 451 778 et
472 718 595 777 cunctis
617 717 677 777 sub
699 717 824 777 Nerone
846 715 995 776 admissis
1018 714 1094 775 data
1115 714 1284 793 inpunitas
1307 714 1429 775 videre-

303 820 371 892 tur,
401 815 573 876 Octavium
600 815 757 891 Sagittam
785 819 817 875 et
845 814 1026 874 Antistium
1056 813 1245 890 Sosianum,
1274 812 1429 873 senatorii

304 913 440 991 ordinis,
462 932 602 989 egressos
624 913 760 973 exilium
780 912 815 972 in
836 912 966 972 easdem
980 911 1103 972 insulas
1118 910 1248 987 redegit.
1272 910 1429 971 Octavius

305 1012 454 1072 Pontiam
495 1011 712 1088 Postumiam,
754 1016 866 1089 stupro
908 1009 1070 1086 cognitam
1111 1014 1142 1070 et
1180 1008 1314 1087 nuptias
1354 1020 1461 1073 suast

304 1110 516 1183 abnuentem,
537 1109 688 1187 inpotens
709 1108 827 1169 amoris
848 1107 1065 1184 interfecerat3
1088 1106 1242 1167 Sosianus
1264 1106 1429 1185 pravitate

304 1226 433 1268 morum
455 1206 566 1267 multis
587 1206 759 1266 exitiosus:
785 1205 882 1265 ambo
902 1206 992 1282 gravi
1014 1209 1144 1265 senatus
1166 1203 1316 1265 consulto
1338 1204 1429 1264 dam-

304 1304 372 1364 nati
410 1304 576 1382 pulsique,
615 1304 764 1380 quamvis
800 1322 949 1363 concesso
982 1302 1053 1363 aliis
1086 1302 1208 1380 reditu,
1248 1302 1283 1362 in
1315 1302 1429 1362 eadem

304 1421 409 1481 poena
429 1402 544 1462 retenti
565 1406 650 1462 sunt.
676 1401 741 1462 Nec
763 1401 835 1462 ideo
857 1402 957 1462 lenita
978 1421 1052 1479 erga
1073 1402 1263 1462 Mucianum
1285 1401 1429 1463 invidia:

305 1500 425 1579 quippe
464 1499 616 1560 Sosianus
656 1519 692 1560 ae
730 1499 853 1576 Sagitta
885 1499 980 1577 viles,
1016 1500 1143 1560 etiamsi
1173 1504 1414 1561 reverterentur
1421 1520 1429 1577 3
1447 1508 1473 1561 10

304 1602 527 1658 accusatorum
549 1598 676 1674 ingenia
697 1602 729 1657 et
750 1617 826 1677 opes
848 1601 880 1657 et
901 1598 1042 1658 exercita
1063 1597 1157 1657 malis
1175 1597 1300 1658 artibus
1316 1602 1430 1676 poten·

304 1696 350 1756 tia
371 1696 578 1756 timebantur.

250 1804 289 1865 45
345 1793 576 1853 Reconciliavit
608 1793 773 1872 paulisper
803 1792 912 1853 studia
944 1799 1075 1872 patrum
1107 1793 1218 1855 habita
1250 1794 1285 1854 in
1314 1799 1430 1855 senatu

305 1891 444 1967 cognitio
466 1890 645 1952 secundum
666 1896 807 1952 veterem
828 1911 960 1951 morem.
987 1891 1129 1952 Manlius
1150 1891 1318 1952 Patruitus
1339 1911 1430 1952 sena-

304 1994 354 2049 tor
381 1988 548 2067 pulsatum
577 2009 610 2049 se
637 1990 671 2048 in
700 1989 825 2049 colonia
853 1989 998 2050 Seniensi
1026 1994 1119 2050 coetu
1148 1988 1373 2050 multitudinis
1399 1995 1430 2051 et
1446 1997 1472 2050 lt

304 2087 395 2147 iussu
423 2087 672 2163 magistratuum
694 2087 888 2165 querebatur
895 2108 902 2165 ;
932 2107 991 2147 nec
1013 2087 1111 2147 finem
1132 2087 1269 2147 iniuriae
1292 2087 1347 2148 hle
1369 2092 1429 2148 ste-

304 2184 396 2245 tisse:
426 2184 595 2262 planctum
623 2190 655 2245 et
676 2184 819 2245 lamenta
840 2189 872 2245 et
893 2204 1118 2263 supremorum
1139 2185 1316 2261 imaginem
1339 2205 1429 2264 prae·

305 2282 387 2341 senti
416 2281 477 2341 sibi
506 2281 705 2342 circumdata
733 2300 807 2342 cum
832 2282 1037 2342 contumeliis
1059 2302 1095 2342 ac
1116 2282 1257 2361 probris,
1288 2282 1429 2361 quaein

305 2385 454 2463 senatum
475 2380 663 2440 universum
684 2380 872 2440 iacerentur.
902 2381 1033 2458 Vocati,
1062 2381 1119 2459 qui
1141 2380 1377 2458 arguebantur,
1399 2385 1430 2441 et

305 2478 432 2553 cognita
453 2496 550 2538 causa
571 2478 606 2537 in
628 2478 791 2538 convictos
814 2478 1031 2555 vindicatum,
1061 2477 1275 2555 additumque
1296 2483 1474 2541 senatusue

305 2575 505 2651 consultum,
535 2595 599 2654 quo
628 2574 830 2635 Seniensium
860 2575 969 2654 plebes
990 2574 1167 2635 modestiae
1189 2574 1428 2636 admoneretur.

305 2672 412 2733 Isdem
453 2672 566 2733 diebus
605 2673 766 2733 Antonius
804 2673 953 2732 Flamma
983 2672 1220 2752 Cyrenensibus
1252 2672 1429 2734 damnatur

305 2770 373 2847 lege
395 2771 648 2849 repetundarum
670 2777 702 2831 et
723 2772 820 2831 exilio
842 2772 883 2832 ob
905 2772 1083 2831 saevitiam.

251 2879 291 2939 46
345 2868 434 2928 Inter
465 2888 547 2947 quae
576 2869 725 2929 militaris
753 2868 868 2929 seditio
896 2888 995 2948 prope
1023 2869 1152 2929 exarsit.
1185 2869 1429 2929 Praetorianam

305 2965 456 3025 militiam
478 2967 666 3046 repetebant
686 2987 705 3026 a
726 2966 858 3026 Vitellio
881 2966 1020 3043 dimissi,
1050 2985 1108 3045 pro
1129 2966 1330 3043 Vespasiano
1355 2985 1429 3027 con·
1445 2974 1475 3027 25

304 3065 439 3140 gregati,
468 3069 499 3124 et
526 3065 628 3125 lectus
656 3065 691 3123 in
718 3063 855 3125 eandem
883 3082 973 3142 spem
999 3082 1016 3123 e
1038 3063 1217 3141 legionibus
1239 3063 1333 3124 miles
1356 3083 1428 3142 pro·

306 3160 403 3220 missa
430 3162 591 3240 stipendia
614 3162 795 3238 flagitabat:
825 3182 865 3223 ne
888 3161 1054 3221 Vitelliani
1076 3160 1208 3238 quidem
1230 3160 1299 3220 sine
1322 3160 1428 3220 multa

305 3258 400 3319 caede
420 3259 497 3338 pelli
512 3264 669 3339 poterant.
692 3259 754 3320 Sed
769 3261 917 3320 inmensa
931 3259 1069 3338 pecunia
1084 3263 1175 3319 tanta
1191 3258 1239 3319 vis
1253 3257 1429 3319 hominum

341 3521 365 3572 3.
387 3520 512 3586 Sagittam
532 3521 614 3571 Rhea.
635 3522 664 3586 cf.
684 3522 754 3572 Aua.
775 3520 855 3571 XIII.
876 3521 911 3571 44
929 3520 984 3571 sabi
997 3518 999 3590 Ι
1012 3526 1048 3570 nri
1058 3520 1149 3586 sagitta
1166 3520 1195 3571 F.
1215 3522 1285 3573 --Ia
1306 3518 1429 3570 Pontiam

305 3609 475 3677 Postumiam]
500 3612 585 3675 positu
604 3610 692 3660 Inastu
712 3610 861 3676 procognita
879 3610 901 3660 F
921 3611 1007 3676 (postu
1026 3626 1087 3660 corr.
1108 3610 1252 3675 aposita,
1277 3617 1319 3661 stu
1339 3618 1363 3661 et
1382 3628 1429 3677 pro

306 3700 386 3748 iunxit
410 3718 441 3749 ru.
461 3699 496 3764 2).
524 3729 557 3736 -
582 3698 621 3752 10.
647 3707 879 3750 reuerterterentur
897 3700 927 3750 F.
954 3730 984 3737 —
1009 3700 1049 3749 14.
1075 3696 1231 3767 patruiltus
1248 3699 1272 3749 F
1292 3700 1362 3762 (del.
1384 3703 1429 3764 ent)

305 3788 445 3838 Patruinus
463 3788 536 3855 Lipe.
557 3819 590 3825 —
612 3790 651 3841 15.
675 3789 775 3839 senensi
794 3796 817 3838 rt
835 3788 869 3839 ‘21
890 3787 1042 3839 Senensium
1066 3786 1175 3838 Oberlia.
1197 3788 1286 3838 -17,
1307 3806 1428 3854 praesen·

305 3878 337 3926 tis
355 3876 391 3926 ibi
409 3878 439 3927 F.
460 3908 493 3914 —
512 3876 555 3927 ⁶29.
575 3878 705 3942 cyrensib3
726 3878 748 3927 F
769 3875 984 3940 (accusantibus)
1009 3876 1102 3927 Wurm.
1122 3884 1145 3927 et
1161 3876 1297 3940 Heraens,
1318 3877 1357 3927 tic
1371 3885 1429 3928 ante

306 3965 348 4015 ille
364 3972 421 4030 post
439 3964 629 4031 Cyrenensibus
647 3967 686 4017 cll.
705 3968 776 4016 Ana.
797 3966 862 4016 XII.
884 3964 930 4029 18,
956 3964 1035 4016 XIII.
1056 3966 1098 4017 33.
1129 3994 1161 4002 —-
1180 3964 1222 4018 28.
1252 3966 1340 4033 caede]
1362 3984 1428 4017 mer-

304 4053 365 4103 cede
384 4053 475 4105 Ritter.
496 4085 529 4092 -
540 4055 634 4120 depelli
644 4055 733 4105 Hnbu.
754 4086 787 4091 —
795 4062 852 4120 post
862 4054 971 4120 pecunia
981 4055 1041 4104 ordo
1051 4054 1079 4104 in
1091 4055 1112 4104 F
1122 4055 1236 4105 tardatus
1247 4062 1294 4118 est,
1314 4056 1429 4122 sequitur

305 4142 370 4191 caim
388 4142 474 4193 ferunt
493 4160 526 4193 ne
544 4150 587 4193 cel.
608 4145 637 4209 (c.
658 4142 706 4206 5‘2,
722 4162 750 4209 p.
772 4141 878 4208 18826)
895 4161 973 4209 usqae
990 4144 1024 4193 ad
1036 4142 1267 4194 doluissecredec.
1279 4144 1313 4196 53
1325 4142 1428 4212 (1902)
