3409 4909
318 516 321 521 .
345 466 402 526 114
429 541 433 549 .
766 484 906 527 connum
927 484 1038 527 sacrm
1316 469 1350 536 (a.
1369 486 1395 519 u.
1414 466 1464 521 822

343 654 408 730 xit,
436 659 566 715 vastum
588 654 693 732 primo
714 653 896 731 silentium,
925 674 1003 714 mox
1024 660 1140 715 cuncta
1160 654 1258 714 simul
1281 659 1465 732 erumpunt.

343 752 414 813 Huc
435 752 570 813 cecidisse
592 752 765 812 Cennanici
786 753 928 813 exercitus
947 753 1094 829 plocium,
1116 761 1150 813 nt
1170 753 1235 812 sirie
1254 752 1383 830 proelio,
1405 752 1468 811 sinc

343 850 458 910 uolnere
484 850 600 909 uinctus
624 869 733 909 monice
754 858 781 909 et
802 857 892 927 capta
915 849 1065 910 traderent
1086 849 1198 909 armat
1228 849 1309 921 Quas
1333 850 1415 910 enine
1435 869 1468 908 ec

344 948 458 1008 diuerso
490 947 637 1024 lepionest
670 948 785 1025 Nempe
814 948 926 1008 uictas:
958 956 985 1008 et
1015 947 1110 1008 abesse
1139 948 1263 1008 animm
1300 947 1468 1008 Othoniani

344 1046 486 1107 exercitus
520 1045 623 1122 cobar,
660 1046 818 1123 primanos
856 1046 1219 1123 quartanarumque,-
1258 1056 1329 1123 qaos
1369 1053 1496 1105 minens

344 1144 438 1204 isdem
464 1143 529 1203 iltis
556 1144 671 1221 canapis
693 1142 835 1220 fuderint
860 1144 1092 1221 stcaoerintqae,
1120 1152 1154 1203 at
1176 1144 1256 1221 <tot>
1279 1151 1468 1203 urmatonnn

343 1242 435 1303 inilia
458 1242 537 1301 celat
556 1261 627 1318 prae
646 1241 800 1301 uenalium
819 1241 899 1300 enati
918 1241 1054 1301 Antonio
1076 1241 1376 1301 denuntiarentur?
1401 1242 1468 1301 Octo

344 1339 492 1399 nimirum
521 1338 646 1417 lapiones
671 1340 764 1399 ositos
791 1339 894 1399 elassis
920 1339 1112 1400 accessionem
1128 1338 1203 1416 foce.
1233 1339 1275 1399 Iol
1295 1339 1407 1417 Basso,
1436 1338 1468 1398 id

348 1437 492 1515 Caecinae
512 1437 625 1513 onnon,
642 1445 804 1515 postquam
819 1437 919 1497 meaos
933 1437 1031 1497 hortos
1045 1457 1110 1515 opes
1120 1437 1260 1516 principi
1274 1436 1467 1513 abstulerint,

345 1535 438 1596 etiarn
457 1534 605 1595 militibus
621 1534 791 1613 principun
813 1533 954 1611 auferret
974 1535 1110 1611 Intepros
1130 1535 1373 1612 incruentosqne,
1397 1535 1511 1597 Fla-10

345 1634 447 1694 oianis
476 1652 587 1711 qaoque
614 1632 755 1710 pnrtibscs
785 1633 872 1710 nites,
904 1633 979 1710 qaid
1010 1634 1140 1693 dicturos
1170 1633 1385 1711 reposcentibus
1416 1640 1468 1692 acet

293 1730 331 1790 14
343 1750 487 1810 prospera
507 1739 561 1791 aut
582 1730 730 1800 aduersa?
752 1731 843 1791 Haeo
864 1731 999 1808 singuli,
1021 1731 1101 1791 haec
1121 1731 1278 1807 universi,
1301 1735 1340 1791 ut
1358 1750 1468 1810 quem-

346 1849 408 1908 que
440 1828 532 1890 dolor
562 1829 740 1907 inpulerit,
774 1828 1000 1905 vociferantes,
1032 1830 1126 1906 initio
1154 1850 1174 1889 a
1201 1830 1315 1908 quinta
1345 1829 1468 1907 legione

346 1933 431 2003 orte,
459 1926 608 2004 repositis
636 1926 759 1987 Vitellii
785 1926 980 2003 imaginibus
1006 1927 1114 1989 vincla
1135 1927 1290 1987 Caecinae
1312 1927 1453 1988 iniciunt
1460 1946 1467 2003 ;

346 2025 484 2086 Fabium
516 2024 707 2100 Fabullum,
739 2024 872 2103 quintae
903 2024 1038 2101 legionis
1068 2024 1226 2103 legatum,
1259 2029 1290 2086 et
1320 2024 1468 2085 Cassium
1485 2031 1512 2085 15

345 2124 507 2200 Longum,
529 2123 726 2202 praelectum
743 2128 936 2200 castrorum,
959 2123 1056 2184 duces
1071 2122 1231 2199 deligunt;
1247 2122 1328 2184 forte
1343 2123 1469 2183 oblatos

347 2222 445 2283 trium
474 2221 721 2282 Liburnicarum
749 2220 885 2289 milites,
907 2220 1034 2298 ignaros
1056 2226 1087 2281 et
1107 2221 1267 2298 insontes,
1289 2220 1468 2296 trucidant;

346 2320 465 2381 relictis
493 2320 621 2396 cestrie,
649 2318 788 2398 abrupto
816 2323 914 2397 ponte
943 2318 1119 2379 Hostiliam
1144 2336 1270 2395 rursus,
1299 2317 1377 2378 inde
1400 2318 1469 2378 Cre-

347 2438 479 2479 monam
507 2422 660 2497 pergunt‚
692 2422 729 2477 ut
755 2415 935 2494 legionibus
964 2416 1087 2494 primae
1115 2415 1246 2475 Italicae
1275 2420 1307 2475 et
1332 2416 1470 2477 unietvi-

347 2516 507 2576 censimae
536 2514 656 2593 Rapaci
682 2514 905 2591 iungerentur,
934 2533 1015 2592 quas
1037 2513 1174 2574 Caecina
1195 2512 1237 2573 ad
1257 2512 1469 2574 obtinendam
1486 2519 1518 2574 ‘20

348 2615 540 2675 Cremonam
562 2633 636 2673 cum
658 2617 749 2691 parte
770 2612 918 2689 equitum
939 2612 1156 2690 praemiserat.

295 2718 332 2778 15
387 2712 452 2772 Ubi
479 2712 558 2772 haec
586 2715 751 2789 comperta
777 2709 936 2787 Antonio,
965 2708 1126 2770 discordes
1154 2708 1287 2783 animis,
1316 2707 1470 2770 discretos

348 2810 470 2871 viribus
493 2809 637 2869 hostium
658 2808 817 2869 exercitus
838 2806 969 2884 adgredi
991 2806 1120 2883 statuit,
1142 2811 1318 2885 antequam
1333 2806 1471 2867 ducibus

348 2908 538 2983 aiictoritas,
576 2906 673 2967 militi
704 2904 898 2984 obsequium
929 2909 961 2965 et
991 2904 1110 2964 iunctis
1141 2903 1320 2980 legionibus
1351 2902 1472 2964 fiducia

347 3004 472 3064 rediret.
495 3004 644 3083 Namque
665 3003 803 3064 Fabium
826 3003 997 3063 Valentem
1019 3000 1199 3080 profectum
1220 2999 1261 3060 ab
1281 2999 1361 3061 urbe
1381 2999 1472 3060 adoe-
1489 3009 1519 3063 25

349 3102 590 3181 leruturumque
625 3102 752 3179 cognita
783 3101 939 3161 Caecinae
970 3099 1152 3178 proditione
1172 3098 1401 3174 .eoniectabat;
1440 3102 1473 3158 et
1511 3175 1513 3179 Α

348 3201 432 3261 fidus
471 3201 602 3261 Vitellio
638 3201 758 3261 Fabius
789 3220 848 3261 nec
879 3200 1015 3260 militiae
1046 3199 1183 3274 ignarus.
1223 3196 1329 3257 Simul
1359 3196 1472 3273 ingens

302 3374 305 3381 Ι
349 3298 584 3360 Germanorum
611 3299 660 3359 vis
681 3318 738 3378 per
758 3298 906 3359 Raetiam
927 3296 1117 3372 timebatur3
1146 3314 1187 3355 ex
1207 3290 1377 3355 Britannia
1399 3293 1472 3355 Gal-

348 3397 456 3475 liaque
486 3401 518 3456 et
549 3397 710 3475 Hispania
741 3396 864 3456 auxilia
895 3394 1046 3455 Vitellius
1078 3393 1250 3467 acciverat,
1288 3392 1471 3452 inmensam

348 3494 424 3555 belli
452 3494 556 3570 luem,
584 3494 619 3553 ni
641 3494 802 3554 Antonius
823 3492 858 3552 id
877 3493 987 3571 ipsum
1008 3495 1155 3551 metuens
1176 3490 1328 3551 festinato
1350 3490 1519 3569 proeliati

385 3826 408 3877 6.
435 3824 639 3889 straueiintque,
663 3832 692 3874 ut
715 3824 804 3890 ser-ipsi
828 3824 1025 3889 straucrintque.
1052 3831 1080 3873 ut
1104 3822 1126 3873 F
1150 3822 1229 3873 acerba
1248 3829 1276 3871 ut
1295 3850 1329 3858 -
1348 3806 1473 3873 darentur

349 3913 440 3964 Haase
461 3920 519 3979 post
543 3930 615 3963 arma
638 3913 776 3963 collocauit.
806 3943 839 3949 -
867 3910 942 3981 <t0t>
968 3913 1022 3963 cdd.
1048 3930 1098 3978 seq.
1129 3940 1161 3949 -
1182 3910 1223 3963 10.
1252 3910 1329 3961 etiam
1348 3911 1473 3962 militibus

349 4003 491 4068 principem
510 4003 611 4054 aliterue
629 4003 683 4052 cad.
703 4020 752 4068 seq.
773 4002 850 4052 etiam
870 4001 993 4055 militibus
1012 4001 1154 4067 principem
1173 4001 1274 4051 auferre
1293 4000 1336 4051 lite
1355 4000 1379 4050 F
1395 4000 1472 4051 etiam

349 4092 450 4142 anferre
469 4091 577 4141 militem
596 4090 685 4141 Halm.
705 4090 781 4141 etiarn
797 4090 919 4154 militem,
938 4089 1062 4140 militibus
1072 4087 1417 4156 principemaulerreNipp.
1439 4118 1471 4126 -

350 4180 392 4233 30.
412 4181 480 4231 luem
499 4180 522 4230 F
541 4181 633 4231 moloni
652 4179 807 4229 Hebraeum
826 4180 934 4230 Faenio.
