3409 4909
283 472 309 521 p.
329 454 379 506 Ch.
399 455 446 519 69)
505 503 509 510 ,
632 468 860 511 msronraauu
882 450 907 510 Ι.
930 449 1058 513 69-72.
1367 448 1405 508 39

283 638 430 717 praemia
458 654 618 714 cessuros,
647 635 790 696 Poenino
818 635 932 696 itincre
960 634 1193 713 subsignanum
1214 633 1353 694 militem
1374 639 1406 695 ct

281 755 380 812 grave
400 733 563 811 legionum
586 753 701 811 agmen
722 732 866 793 hibernis
887 733 994 794 adhuc
1016 732 1154 812 Alpibus
1175 732 1329 793 traduxit.

323 833 412 895 Otho
443 832 573 893 interim
605 837 716 893 contra
747 851 839 911 spem
870 832 1018 891 omnium
1049 852 1119 909 uon,
1146 831 1269 892 deliciis
1301 849 1405 909 neque
1419 832 1456 895 71

282 930 410 992 desidia
431 935 625 1008 torpescere:
647 929 766 989 dilatae
787 929 988 1009 voluptates,
1010 930 1214 991 dissimulata
1231 929 1361 990 luxuria
1375 933 1407 989 et

247 1034 402 1093 ocunota
424 1028 465 1088 ad
487 1027 634 1088 decorem
655 1027 783 1106 imperii
805 1028 997 1106 composita3
1019 1047 1120 1107 eoque
1134 1028 1209 1107 plus
1223 1027 1405 1089 formidinis

281 1126 464 1187 afferebant
484 1125 585 1186 falsae
605 1126 741 1187 virtutes
763 1129 795 1185 et
815 1126 896 1186 vitia
916 1125 1067 1187 reditura.
1096 1127 1236 1186 Marium
1259 1125 1405 1203 Celsum,

281 1224 454 1285 consulem
491 1223 710 1300 designatum,
749 1243 807 1302 per
841 1224 982 1303 speciem
1017 1225 1222 1285 vinculorum
1253 1224 1406 1284 saevitiae

282 1322 433 1383 militum
453 1321 671 1398 subtractum,
694 1322 788 1382 acciri
809 1323 844 1382 in
866 1322 1064 1401 Capitolium
1086 1323 1183 1384 iubet.
1209 1322 1406 1382 Clementiae

280 1420 401 1481 titulus
423 1438 440 1479 e
461 1420 530 1480 viro
552 1418 637 1479 claro
659 1424 690 1479 et
711 1418 857 1498 partibus
879 1420 983 1481 inviso
1005 1420 1183 1499 petebatur.
1206 1419 1318 1480 Celsus
1333 1440 1406 1480 con-

232 1520 408 1584 laetanter
432 1523 577 1578 servatae
599 1535 672 1593 erga
694 1516 831 1577 Galbam
853 1517 929 1577 fidei
950 1518 1070 1578 crimen
1092 1518 1270 1595 confessus,
1300 1537 1406 1578 exem-

283 1616 380 1696 plum
408 1615 493 1675 ultro
520 1615 705 1694 imputavit.
735 1615 800 1675 Nec
822 1615 924 1692 Otho,
954 1617 1046 1695 quasi
1068 1617 1259 1693 ignosceret,
1288 1615 1343 1675 sed
1365 1636 1406 1676 ne

281 1714 395 1775 hostes
417 1717 574 1775 metueret
594 1712 834 1773 conciliationes
856 1712 1029 1790 adhibens,
1052 1715 1161 1775 statim
1176 1715 1259 1773 inter
1275 1714 1405 1774 intimos

283 1813 408 1873 amicos
436 1811 552 1872 habuit
579 1815 611 1871 ct
638 1830 716 1871 mox
736 1809 822 1871 bello
843 1811 927 1872 inter
948 1811 1045 1872 duces
1067 1811 1192 1889 delegit.
1221 1811 1406 1890 Mansitque

284 1910 380 1972 Celso
401 1909 492 1970 velut
512 1908 653 1969 fataliter
674 1909 772 1969 etiam
790 1927 848 1987 pro
864 1909 991 1970 Othone
1006 1909 1084 1970 fides
1100 1911 1222 1986 integra
1237 1915 1269 1970 et
1282 1909 1405 1970 infelix.

232 2020 264 2071 15
284 2009 386 2068 Laeta
414 2006 609 2085 primoribus
637 2008 793 2085 civitatis,
822 2008 982 2069 celebrata
1009 2009 1043 2067 in
1072 2008 1185 2084 volgus
1213 2008 1297 2068 Celsi
1319 2008 1406 2069 salus

284 2126 326 2167 ne
355 2105 514 2166 militibus
543 2104 675 2183 quidem
703 2106 829 2182 ingrata
857 2106 934 2183 fuit,
964 2105 1100 2166 eandem
1127 2107 1280 2166 virtutem
1305 2105 1406 2165 admi-

284 2203 450 2281 rantibus,
483 2203 536 2263 oui
565 2203 794 2264 irascebantur.
834 2205 896 2264 Par
927 2203 1002 2264 inde
1034 2204 1191 2265 exultatio
1223 2204 1406 2283 disparibus
1421 2200 1459 2262 72

284 2304 392 2363 causis
414 2307 600 2378 consecuta,
621 2302 783 2380 inpetrato
804 2302 953 2379 Tigellini
974 2303 1082 2363 exitio.
1105 2303 1288 2381 Sophonius
1304 2302 1405 2378 Tigel-

283 2401 373 2461 linus
395 2399 539 2461 obscuris
560 2399 765 2479 parentibus,
787 2400 881 2461 foeda
902 2401 1057 2478 pueritia,
1079 2400 1244 2479 impudica
1262 2406 1405 2477 senecta,

232 2508 265 2563 20
284 2491 521 2578 praefecturam
549 2498 686 2575 vigilum
713 2503 746 2559 et
773 2498 925 2577 praetorii
946 2503 978 2559 et
999 2498 1062 2558 alia
1083 2499 1227 2576 praemia
1247 2499 1407 2560 virtutum

286 2595 366 2674 quia
387 2595 529 2656 velocius
550 2600 619 2655 erat
639 2595 726 2657 vitiis
749 2595 901 2673 adeptus,
931 2596 1154 2656 crudelitatem
1175 2616 1268 2673 mox,
1291 2595 1406 2657 deinde

285 2692 457 2753 avaritiam
479 2692 585 2753 virilia
606 2692 724 2753 scelera
745 2693 904 2770 exercuit,
931 2698 1081 2772 corrupto
1103 2693 1143 2753 ad
1166 2714 1261 2754 omne
1282 2693 1406 2754 facinus

285 2790 428 2867 Nerone,
457 2788 617 2868 quaedam
645 2790 756 2867 ignaro
777 2809 876 2851 ausus
897 2810 934 2851 ao
955 2798 1117 2870 postremo
1139 2791 1281 2852 eiusdem
1304 2792 1407 2852 deser·

285 2893 338 2949 tor
369 2907 406 2948 ac
437 2887 591 2966 proditor.
624 2888 718 2949 Unde
749 2909 816 2949 non
848 2890 948 2949 alium
977 2890 1173 2968 pertinacius
1199 2888 1241 2950 ad
1269 2901 1408 2968 poenam

232 2997 266 3051 25
286 2984 530 3062 flagitaverunt,
559 2983 686 3047 diverso
711 2986 845 3064 affectu,
874 2987 992 3066 quibus
1014 2986 1126 3047 odium
1148 2987 1282 3048 Neronis
1304 2988 1408 3049 inerat

286 3088 319 3143 et
351 3081 470 3161 quibus
501 3081 706 3143 desiderium.
746 3084 844 3163 Apud
878 3085 1016 3145 Galbam
1048 3085 1113 3145 Titi
1144 3086 1233 3145 Vinii
1263 3086 1408 3164 potentia

286 3178 438 3240 defensus
466 3185 529 3256 est,
558 3182 775 3259 praetexentis
804 3187 965 3244 servatam
993 3183 1033 3243 ab
1062 3202 1098 3242 eo
1120 3182 1237 3243 filiam:
1267 3189 1299 3244 ot
1319 3182 1407 3243 haud

285 3277 385 3339 dubie
424 3283 622 3355 servaverat,
660 3299 725 3340 non
760 3280 947 3357 clementia,
986 3281 1106 3359 quippe
1137 3286 1186 3342 tot
1216 3281 1406 3358 interfectiS,

286 3375 345 3438 sed
366 3376 522 3452 effugium
543 3377 578 3436 in
599 3376 762 3455 futurum,
791 3378 868 3456 quia
889 3379 1048 3457 pessimus
1070 3380 1207 3457 quisque
1228 3377 1408 3438 diffidentia

232 3486 268 3539 30
288 3475 509 3554 praesentium
537 3475 753 3536 mutationem
780 3495 903 3554 pavens
931 3476 1085 3537 adversus
1106 3476 1274 3554 publicum
1296 3475 1408 3536 odium

326 3716 366 3767 12.
392 3733 425 3767 ne
452 3717 537 3767 hostes
564 3725 704 3780 metueret,
732 3717 922 3768 conciliationes
950 3718 1073 3768 adhibens
1095 3718 1118 3767 I.
1147 3717 1242 3766 Mitllcr
1267 3734 1299 3767 ne
1322 3717 1408 3768 hostes

286 3813 413 3857 metueret
432 3805 618 3857 conciliationis
636 3807 760 3857 adhibens
778 3806 810 3856 ab
828 3806 889 3857 deos
908 3814 983 3857 testes
1003 3814 1107 3856 mutuae
1116 3805 1327 3856 reconciliationis
1338 3805 1408 3855 adhi-

286 3894 350 3944 bens
368 3893 489 3944 Heracus
507 3893 587 3961 Nipp.
607 3894 747 3945 nehostem
761 3901 899 3957 metueret,
919 3894 1108 3945 consiliatorem
1118 3894 1242 3946 adhibens
1253 3894 1354 3945 Memor.
1376 3924 1407 3931 —

289 3984 331 4035 15.
350 3982 508 4049 primoribus
520 3982 602 4033 Rhea.
613 3982 776 4048 promoribus
786 4002 809 4033 a.
831 4013 864 4020 —
877 3983 916 4035 18.
938 3984 1084 4049 Sophonius
1095 3984 1165 4050 Lips.
1177 3984 1305 4049 ophonius
1315 3984 1354 4034 ab.
1375 4014 1407 4020 —

286 4070 330 4122 22.
351 4072 438 4121 uirilia
457 4072 489 4122 ab
507 4081 531 4123 et
550 4072 636 4123 uirilia
654 4072 702 4122 alii
722 4073 787 4124 libri.
809 4102 841 4110 -
861 4072 903 4125 23.
924 4081 949 4123 at
970 4081 1098 4137 postremo
1118 4074 1156 4123 ab.
1180 4104 1211 4109 —
1231 4073 1273 4125 26.
1294 4073 1358 4123 iunii
1377 4073 1408 4122 ab

286 4160 383 4228 ubique
398 4179 448 4228 pro
466 4161 530 4212 vinii
548 4163 577 4228 os.
598 4162 619 4213 Ι.
640 4180 677 4213 vs.
700 4162 722 4213 1.
743 4192 775 4199 -
795 4161 837 4213 27.
858 4170 883 4213 et
901 4164 970 4213 omia.
991 4163 1030 4213 ab.
