3409 4909
297 484 356 546 220
719 503 860 547 coenam
882 503 993 547 raorrr
1271 491 1305 554 (a.
1326 505 1351 539 u.
1371 487 1424 541 823

296 677 440 733 struxere
468 672 586 748 aciem,
614 671 710 733 rebus
737 671 888 733 secundis
916 672 1043 750 longius
1066 673 1177 733 ausuri
1197 679 1246 750 et,
1275 673 1302 734 si
1326 672 1425 752 pelle·

296 775 422 845 rentur,
450 775 563 849 parato
588 769 743 849 perfugio.
773 770 892 831 Missus
913 771 947 830 in
969 789 1022 831 eos
1044 789 1141 850 eques
1162 790 1238 831 cum
1260 769 1425 849 expeditis

296 867 481 928 cohortibus
502 867 652 945 ambigue
673 868 822 943 certavit3
845 888 924 929 mox
945 887 1065 929 cessere
1086 868 1206 929 hostes.
1229 868 1271 929 Et
1285 887 1426 947 sequen-

295 965 382 1026 tibus
400 965 514 1027 diebus
528 965 638 1026 crebra
652 985 711 1045 pro
725 965 826 1045 portis
841 965 1142 1045 proelia‘serebant,
1165 965 1267 1026 donec
1282 963 1425 1026 assiduis

296 1061 424 1124 damnis
451 1062 536 1123 intra
558 1064 686 1124 moenia
706 1063 911 1142 pellerentur.
939 1063 1079 1124 Romani
1101 1063 1143 1123 ad
1164 1062 1425 1141 obpugnandum
1444 1074 1460 1127 5

295 1160 388 1220 versi.
418 1161 530 1239 Neque
559 1161 645 1221 enim
668 1159 803 1236 dignum
824 1160 995 1222 videbatur
1016 1160 1136 1222 famem
1157 1160 1302 1222 hostium
1326 1179 1426 1239 oppe-

295 1257 365 1334 riri3
398 1258 638 1337 poscebantque
669 1257 814 1338 pericula
845 1277 920 1337 pars
951 1259 1087 1336 virtute,
1119 1258 1216 1319 multi
1244 1258 1363 1319 ferocia
1393 1262 1425 1319 et

295 1356 448 1434 cupidine
468 1356 695 1435 praemiorum.
718 1357 786 1435 lpsi
808 1357 881 1417 Tito
903 1356 1007 1417 Roma
1028 1362 1060 1417 et
1081 1375 1157 1435 opes
1172 1355 1425 1435 voluptatesque

295 1460 370 1513 ante
397 1454 523 1531 oculos3
551 1474 588 1514 ac
613 1455 647 1514 ni
669 1454 779 1515 statim
802 1453 1031 1533 Hierosolyma
1053 1453 1272 1530 conciderent,
1303 1452 1426 1513 morari

295 1550 498 1613 videbantur.
527 1551 590 1613 Sed
618 1550 732 1612 urbem
761 1551 896 1611 arduam
919 1550 985 1612 situ
1006 1570 1102 1630 opera
1124 1551 1291 1631 molesque
1313 1550 1424 1611 firma·
1444 1565 1477 1619 10

295 1655 422 1725 verant,
452 1649 524 1726 quis
553 1648 605 1709 vel
633 1648 732 1727 plana
759 1649 838 1709 satis
867 1648 1081 1709 munirentur.
1110 1649 1194 1708 Nam
1219 1648 1301 1709 duos
1324 1647 1425 1709 colles

295 1746 329 1805 in
357 1747 544 1807 inmensum
566 1746 668 1807 editos
691 1745 886 1807 claudebant
907 1747 993 1805 muri
1014 1764 1071 1824 per
1092 1751 1194 1807 artem
1217 1744 1341 1824 obliqui
1366 1750 1425 1806 aut

294 1843 452 1905 introrsus
480 1844 616 1921 sinuati,
645 1849 687 1905 ut'
708 1844 810 1905 latera
830 1843 1091 1921 obpugnantium
1113 1843 1153 1903 ad
1176 1844 1258 1904 ictus
1280 1848 1425 1921 patesce

295 1947 381 2018 rent;
409 1947 554 2001 extrema
582 1942 671 2020 rupis
694 1942 832 2020 abrupta
840 1961 847 2017 ;
877 1946 909 2002 et
930 1946 1049 2016 turreS,
1076 1940 1133 2001 ubi
1154 1959 1247 2002 mons
1268 1941 1423 2018 iuvisset,

294 2039 329 2098 in
360 2058 534 2115 sexagenos
566 2038 678 2119 pedes,
710 2040 793 2099 inter
825 2038 950 2099 devexa
981 2039 1015 2098 in
1047 2043 1198 2100 centenos
1226 2038 1423 2118 vicenosque
1444 2050 1476 2108 15

295 2136 541 2213 attollebantur,
566 2138 649 2197 mira
670 2136 774 2216 specie
796 2155 833 2196 ac
855 2135 969 2215 procul
989 2136 1192 2197 intuentibus
1213 2155 1316 2215 pares.
1346 2136 1423 2196 Alia

293 2234 382 2295 intus
403 2233 547 2309 moenia,
576 2234 679 2310 regiae
701 2233 922 2309 circumiecta,
944 2233 1183 2311 conspicuoque
1204 2233 1333 2311 fastigio
1355 2239 1423 2295 tur-

294 2331 337 2391 ris
366 2331 524 2408 Antonia,
552 2332 587 2391 in
615 2332 772 2392 honorem
800 2332 844 2392 M.
874 2332 1008 2392 Antonii
1031 2331 1071 2392 ab
1093 2330 1223 2391 Herode
1244 2330 1421 2410 appellata.

242 2432 280 2493 12
295 2427 468 2507 Templum
496 2429 531 2488 in
558 2428 694 2489 modum
722 2428 803 2488 arcis
824 2428 1011 2507 propriique
1034 2429 1118 2488 muri
1139 2427 1249 2489 labore
1270 2433 1302 2488 et
1323 2448 1422 2508 opere

294 2531 369 2586 ante
397 2526 493 2586 alios:
522 2526 610 2605 ipsae
638 2526 796 2605 portione,
825 2526 898 2605 quis
919 2525 1080 2605 templum
1102 2525 1303 2602 ambibatur,
1333 2545 1420 2603 egre-
1440 2542 1475 2596 20

294 2624 382 2701 gium
404 2623 694 2702 propugnaculum.
716 2624 802 2684 Fons
824 2624 974 2702 perennis
995 2643 1115 2703 aquae,
1138 2624 1244 2685 cavati
1259 2623 1320 2684 sub
1334 2629 1422 2685 terra

294 2727 419 2783 montes
441 2727 473 2782 et
493 2722 635 2801 piscinae
657 2722 877 2799 cisternaeque
895 2720 1061 2782 servandis
1076 2721 1244 2782 imbribus.
1266 2721 1422 2782 Provide-

294 2827 367 2881 rant
398 2819 578 2881 conditores
611 2840 652 2881 ex
682 2820 869 2881 diversitate
901 2838 1029 2880 morum
1060 2819 1170 2879 crebra
1201 2818 1304 2879 bella:
1343 2819 1422 2888 inde

294 2923 411 2978 cuncta
439 2919 588 2997 quamvis
617 2917 771 2978 adversus
799 2916 932 2993 longum
962 2916 1141 2994 obsidium3
1170 2922 1202 2978 et
1222 2936 1241 2977 a
1263 2918 1421 2995 Pompeio

294 3015 486 3093 expugnatis
515 3020 621 3076 metus
649 3020 746 3094 atque
773 3033 852 3075 usus
881 3014 1034 3093 pleraque
1056 3019 1290 3091 monstravere3
1320 3020 1422 3095 atque
1440 3030 1480 3085 251

294 3131 350 3190 per
371 3112 541 3173 avaritiam
563 3112 817 3173 Claudianorum
838 3117 1023 3190 temporum
1039 3116 1151 3190 empto
1163 3111 1232 3173 iure
1247 3111 1421 3172 muniendi

293 3214 437 3270 struxere
460 3229 569 3271 muros
590 3211 625 3270 in
646 3230 724 3290 pace
738 3217 908 3291 tamquam
923 3210 966 3270 ad
979 3209 1112 3270 bellum.
1135 3209 1254 3286 Magna
1268 3208 1421 3270 conluvie

293 3314 325 3369 et
346 3314 524 3369 ceterarum
546 3308 677 3369 urbium
699 3308 790 3369 clade
812 3309 915 3369 aucti:
938 3328 1016 3368 nam
1037 3306 1317 3386 pervicacissimus
1332 3308 1421 3386 quis-

293 3425 355 3485 que
377 3406 455 3467 illuc
476 3406 674 3486 perfugerat,
703 3426 804 3487 eoque
826 3406 1009 3467 seditiosius
1032 3405 1177 3482 agebant.
1204 3405 1281 3465 Tres
1303 3404 1419 3483 duces,

292 3504 428 3565 totidem
467 3505 642 3566 exercitus:
682 3510 826 3566 extrema
861 3509 893 3565 et
923 3503 1082 3564 latissima
1113 3503 1280 3563 moenium
1312 3501 1419 3580 Simo,
1440 3518 1477 3573 30

292 3600 434 3661 mediam
472 3602 585 3662 urbem
624 3602 762 3663 Ioannes
798 3604 911 3681 [quem
943 3605 975 3662 et
1007 3600 1193 3677 Bargioram
1224 3598 1419 3678 vocabant],

329 3846 351 3893 1.
373 3844 439 3893 acies
459 3842 493 3893 Fl
513 3845 535 3910 (s
554 3843 601 3893 dcl.
622 3842 675 3909 ccl).
696 3873 728 3881 -
751 3844 790 3895 13.
810 3843 972 3909 obpugnatio
991 3844 1021 3893 F.
1042 3873 1075 3880 —
1097 3842 1145 3895 15.γ
1157 3859 1298 3908 sexagenos
1317 3842 1420 3894 Bel-ker

292 3932 426 3996 sexaginta
444 3932 475 3982 F.
496 3961 528 3968 -
551 3931 591 3983 19.
611 3948 689 3997 opere
708 3932 761 3983 cdd.
781 3950 831 3997 aeq.
851 3949 931 3997 opera
949 3932 980 3981 F.
1002 3961 1032 3969 -
1053 3930 1096 3981 22.
1116 3930 1285 3996 prodiderant
1303 3931 1326 3981 F
1345 3949 1419 3997 prae·

292 4021 412 4072 uiderant
436 4022 490 4071 cdd.
515 4039 565 4087 aeq.
594 4051 628 4057 —
654 4018 696 4070 94.
725 4021 849 4071 aduersus
874 4020 993 4086 quamuis
1012 4019 1139 4070 Heracus.
1169 4049 1202 4057 —
1221 4018 1264 4070 27.
1293 4019 1419 4072 clubieF
1472 4021 1475 4028 '

293 4110 319 4169 (b
340 4111 366 4159 in
385 4128 401 4159 v
420 4127 482 4160 coir.
502 4110 548 4176 cat)
567 4109 698 4160 conluvies
716 4109 797 4175 Nipp.
826 4139 859 4146 -
879 4108 921 4161 29.
947 4108 1129 4160 seditiosiosius
1147 4109 1178 4159 F.
1205 4139 1238 4146 —
1258 4108 1300 4160 31.
1319 4108 1419 4159 iohsF

291 4205 341 4264 que
365 4198 400 4249 ΕΙ
423 4208 472 4263 qna
497 4197 539 4249 F2.
569 4227 602 4235 -
626 4198 779 4263 Bargioram
803 4198 886 4249 Rhea.
913 4197 1007 4266 barbal
1019 4197 1090 4263 giora
1110 4197 1133 4247 F
1153 4196 1416 4265 [quem-uocabant]
