3409 4909
350 448 387 507 18
773 464 913 506 canuam
934 464 1045 506 rrrrrr
1316 453 1350 517 (a.
1371 466 1396 500 u.
1416 447 1471 502 822

349 633 499 694 manibus
527 636 672 694 coercent
699 637 949 712 exarmantque‚
978 633 1055 711 quia
1081 652 1147 694 non
1176 632 1287 694 ordine
1315 633 1470 713 militiae,

349 730 405 792 sed
436 750 453 791 e
482 731 603 791 Galbae
632 731 759 807 amicir,
791 730 875 791 fidus
903 731 1041 810 principi
1070 750 1128 791 suo
1156 737 1188 792 et
1215 730 1469 792 desciscentibus

349 828 525 907 suspectior
556 833 633 889 erat.
669 828 764 905 Legio
795 827 929 889 classica
960 828 1043 888 nihil
1074 834 1224 889 cunctata
1255 829 1470 907 praetorianis

350 926 551 1003 adiungitur3
590 926 711 1005 lllyrici
749 927 908 987 exercitus
946 926 1038 987 electi
1074 926 1204 987 Celsum
1235 926 1361 987 infestis
1393 926 1470 1005 pilis

350 1024 556 1103 proturbant:
579 1024 771 1084 Germanica
790 1024 912 1085 vexilla
929 1022 986 1084 diu
1000 1029 1170 1101 nutavere‚
1191 1023 1344 1084 invalidis
1360 1024 1469 1085 adhuc
1489 1038 1503 1088 5

350 1122 535 1201 corporibus
563 1127 595 1182 et
621 1121 757 1201 placatis
786 1122 920 1199 animis,
948 1121 1036 1201 quod
1064 1141 1117 1183 eos
1142 1142 1161 1182 a
1182 1122 1307 1183 Nerone
1328 1122 1470 1183 Alexan-

350 1220 454 1281 driam
475 1221 667 1299 praemissos
688 1224 785 1299 atque
806 1219 881 1280 inde
903 1238 1012 1281 rursus
1026 1219 1123 1298 longa
1137 1221 1344 1297 navigatione
1358 1238 1471 1297 aegros

349 1318 531 1398 inpensiore
551 1337 628 1379 cura
649 1317 753 1379 Galba
774 1317 947 1379 refovebat.

296 1419 335 1478 32
390 1418 547 1477 Universa
570 1417 637 1477 iam
658 1416 749 1496 plebs
771 1415 934 1477 Palatium
954 1416 1115 1494 inplebat,
1144 1416 1255 1478 mixtis
1277 1416 1416 1478 servitiis
1439 1421 1471 1476 et

302 1533 305 1538 ·
350 1514 480 1576 dissono
511 1515 649 1576 clamore
676 1513 808 1575 caedem
836 1514 973 1575 Othonis
1001 1520 1034 1576 et
1061 1514 1301 1575 coniuratorum
1329 1514 1470 1576 exitium
1492 1527 1517 1580 lt

350 1614 569 1691 poscentium,
599 1618 637 1673 ut
668 1613 693 1672 si
726 1613 760 1671 in
792 1613 876 1673 circo
908 1617 964 1673 aut
991 1612 1117 1673 theatro
1130 1609 1133 1616 ’
1146 1611 1307 1673 ludicrum
1336 1611 1471 1691 aliquod

349 1712 566 1791 postularent3
588 1730 692 1789 neque
713 1710 778 1770 illis
799 1709 958 1771 iudicium
980 1715 1037 1770 aut
1058 1711 1191 1785 veritas,
1214 1710 1335 1789 quippe
1354 1709 1470 1770 eodem

350 1809 401 1869 die
432 1808 558 1869 diversa
589 1808 659 1886 pari
686 1808 861 1868 certamine
889 1807 1117 1886 postulaturiS,¹
1147 1807 1204 1868 sed
1231 1807 1350 1868 tradito
1379 1826 1470 1868 more

350 1924 587 1986 quemcumque
608 1906 787 1985 principem
809 1905 964 1966 adulandi
986 1905 1117 1966 licentia
1137 1905 1417 1966 adclamationum
1440 1912 1472 1967 et

350 2005 466 2067 studiis
482 2003 643 2065 inanibus.
666 1987 801 2063 Interim
816 2002 954 2063 Galbam
970 2002 1052 2064 duae
1067 2002 1244 2064 sententiae
1259 2001 1469 2063 distinebant.
1491 2018 1517 2070 15

351 2104 442 2164 Titus
473 2103 590 2163 Vinius
620 2102 805 2162 manendam
835 2102 920 2161 intra
951 2102 1086 2179 donant²
1122 2101 1300 2180 opponenda
1329 2101 1471 2172 servitia,

345 2201 515 2280 firntandaa
536 2200 653 2277 aditio,
675 2219 736 2259 non
757 2199 888 2260 eandam
909 2200 950 2259 ad
970 2200 1065 2259 iratos
1086 2199 1244 2260 censebat.
1267 2200 1362 2259 Daret
1376 2198 1471 2258 mala-

350 2320 420 2359 ram
445 2298 667 2377 paenitentiae,
699 2298 785 2358 daret
815 2297 957 2364 bonoram
987 2297 1139 2358 consensui
1168 2297 1311 2375 epatium.
1351 2295 1469 2356 Scelere

350 2400 477 2477 inipetu,
506 2396 582 2456 bona
609 2396 735 2456 consilia
762 2416 847 2455 irrora
873 2396 1021 2456 calescere.
1049 2395 1185 2473 Deniqne
1208 2394 1415 2471 anatona,
1444 2394 1472 2453 ai

350 2496 430 2556 ratio
457 2496 512 2572 ait,
541 2494 665 2554 eandem
690 2514 757 2553 moa
779 2493 975 2571 ‘facultatem
1004 2512 1163 2571 repressae,
1191 2494 1218 2553 ai
1234 2492 1406 2571 paeniteat,
1436 2493 1472 2552 in
1491 2510 1517 2563 2(

299 2593 337 2654 33
351 2595 453 2654 aliena
479 2600 632 2672 potestate.
668 2591 903 2652 Festinandum
935 2592 1046 2652 ceteris
1078 2590 1262 2667 videbatur,
1294 2596 1472 2668 antequam

351 2695 504 2752 cresceret
524 2687 669 2750 invalida
689 2688 797 2749 adhuc
818 2688 996 2750 coniuratio
1018 2708 1204 2766 paucorum.
1236 2688 1475 2767 Trepidatnram

351 2789 443 2849 etiam
465 2788 623 2864 Othonem,
646 2786 699 2865 qni
714 2786 830 2863 fartim
850 2786 1014 2864 dimersae,
1036 2786 1078 2846 ad
1097 2787 1219 2864 ‘ipnaroa
1232 2787 1363 2862 inlatae,
1385 2806 1473 2846 ainc-

353 2887 465 2947 tatione
494 2905 574 2946 nnnc
605 2893 632 2945 et
661 2884 791 2962 sepnitia
823 2886 980 2945 terentium
1012 2893 1125 2963 ternpus
1155 2884 1276 2945 incitari
1299 2883 1474 2963 principem

352 2985 456 3045 discat.
485 2985 556 3044 Non
583 2982 811 3061 expectandam,
838 2991 872 3042 at
900 2983 1067 3061 eoinpoaitis
1093 2983 1199 3042 cestria
1218 2982 1323 3060 ferani
1342 2982 1474 3043 invadat
1493 2999 1517 3051 ¹25

352 3091 379 3143 et
403 3089 610 3161 prospectante
635 3080 732 3141 Galba
757 3080 942 3158 Capitolium
963 3080 1067 3158 adeat,
1096 3080 1168 3140 darn
1189 3080 1320 3159 eprepina
1340 3080 1474 3158 inpera-

353 3189 398 3240 tor
425 3200 492 3240 carn
515 3178 647 3256 sortibns
673 3178 780 3238 anicia
806 3178 905 3237 ianna
932 3198 967 3239 ac
988 3179 1094 3238 limine
1114 3186 1196 3238 tenas
1217 3178 1338 3238 domani
1358 3178 1473 3252 alndit,

352 3278 533 3338 obsidionem
560 3277 708 3337 niniirant
736 3276 927 3353 toleraturum
956 3284 982 3335 et
1006 3277 1198 3354 praeclaram
1218 3276 1253 3335 in
1273 3277 1363 3335 aerata
1384 3276 1473 3336 anai·

354 3377 444 3453 tinen,
465 3376 493 3436 ai
513 3393 667 3435 consensus
689 3382 791 3434 tantae
811 3374 1019 3434 multitudinis
1040 3382 1081 3449 et,
1104 3394 1178 3451 qnae
1192 3374 1364 3452 plurimam
1376 3375 1472 3452 calet,

351 3475 455 3553 prino
481 3474 655 3552 indipnatio
683 3473 876 3550 elanpueacat.
905 3472 1037 3532 Perinde
1063 3472 1180 3548 intuta,
1209 3491 1284 3549 qaae
1310 3472 1473 3547 indecern;
1492 3487 1517 3541 3(

390 3630 412 3679 l.
436 3636 492 3694 poet
516 3626 612 3677 militae
636 3625 716 3693 Nipp.
742 3626 830 3676 inre-rit
853 3637 1004 3691 provectus,
1029 3626 1072 3675 sed
1096 3625 1186 3676 ordine
1204 3625 1301 3675 militae
1321 3645 1350 3672 =
1366 3634 1474 3693 propter

352 3717 506 3783 nrperiarem
524 3733 597 3782 quern
615 3715 740 3766 obtinebat
759 3716 823 3765 inter
838 3715 929 3765 milites
941 3715 1028 3765 lactine.
1049 3745 1082 3751 —
1097 3715 1122 3765 4.
1142 3714 1243 3765 Celsum
1256 3714 1363 3781 infestis]
1377 3716 1471 3766 festum

353 3806 455 3856 inrestis
483 3806 512 3855 F.
539 3835 572 3842 --
602 3806 625 3856 7.
654 3821 743 3855 rursus
766 3804 789 3853 F
813 3820 929 3854 reuersas
954 3803 1114 3854 Doederlein.
1144 3833 1177 3841 -
1198 3802 1238 3855 10.
1266 3803 1375 3853 exitium
1394 3804 1471 3856 Actt

353 3893 458 3944 exilium
478 3894 508 3944 F.
529 3923 562 3930 —
584 3895 624 3944 11.
644 3894 698 3959 aut]
718 3910 733 3943 a
752 3893 782 3943 F.
804 3922 836 3929 -
856 3892 895 3944 ll).
915 3893 936 3943 si
949 3892 1024 3959 ratio]
1035 3891 1142 3957 spiratio
1151 3892 1181 3942 F.
1203 3890 1288 3943 -20,
1308 3891 1472 3957 regressusF

353 3998 497 4047 regressum
521 3981 605 4032 Ritter
630 4011 662 4018 —
687 3979 730 4031 ⁶21.
755 3972 839 4048 tonus]
864 3998 924 4030 niem
949 3981 1037 4031 tutus?
1063 4011 1096 4017 --
1121 3978 1164 4033 28.
1189 3979 1321 4030 obsidione
1339 3980 1361 4030 F
1381 3980 1473 4031 tolera-

353 4081 426 4121 turus
445 4070 498 4120 add.
519 4088 568 4136 aeq.
588 4070 741 4120 toleraturos
759 4070 789 4119 F.
816 4099 848 4106 —
868 4068 910 4121 29.
935 4086 1094 4119 consensum.
1121 4099 1154 4106 —
1174 4068 1215 4121 30.
1240 4068 1384 4133 indignatio
1402 4069 1472 4120 elan·

353 4167 456 4225 guescat
483 4158 589 4210 Gravior.
614 4158 790 4222 indignatione
816 4158 961 4223 languescat
979 4158 1009 4208 F.
1036 4188 1068 4195 -
1089 4157 1194 4223 perinde
1212 4157 1292 4224 Nipp.
1312 4157 1423 4222 proinde
1441 4157 1470 4209 F.
