3409 4909
318 504 357 564 36
742 520 883 563 canuam
904 496 1015 563 rnorrr
1099 534 1103 540 -
1288 506 1323 569 (a.
1344 522 1368 555 u.
1387 502 1431 557 822

317 690 457 767 legiones
495 690 529 749 in
567 687 765 768 praesidium
801 688 923 749 Galbae
954 688 1136 765 referend03
1176 693 1208 749 et
1238 688 1296 749 ubi
1327 708 1432 750 causas

317 787 465 848 odiorum
487 787 750 867 praetenderant,
777 786 1035 864 magnitudinem
1057 786 1193 865 praedae
1215 786 1432 848 ostendebant.

317 886 382 947 Nee
409 887 475 946 iam
497 891 617 947 secreta
638 886 836 961 exhortatio,
862 885 918 945 sed
940 884 1088 964 publicae
1110 903 1235 963 preces:
1262 884 1344 945 irent
1364 886 1433 945 atto·

316 1004 376 1061 res,
415 984 600 1045 excinderent
636 984 731 1044 sedern
765 983 878 1046 Gallici
909 982 984 1043 belli.
1020 983 1135 1043 Cuncta
1165 983 1230 1043 tute
1260 991 1383 1043 externo
1411 991 1433 1043 el

316 1083 457 1143 bestilia:
482 1102 511 1143 se
530 1082 678 1142 coloniam
698 1082 871 1142 Romanam
890 1090 918 1141 et
934 1088 1055 1159 portem
1075 1082 1215 1141 exereitus
1235 1088 1262 1141 et
1279 1090 1460 1160 prosperat

316 1200 385 1240 runt
405 1180 655 1257 aduersorumque
675 1199 774 1239 rerunt
794 1179 893 1238 socios.
915 1178 950 1238 st
964 1178 1094 1255 fortuna
1108 1187 1211 1238 contro
1225 1179 1327 1256 duret,
1350 1180 1434 1239 iratis

262 1280 301 1339 66
315 1300 353 1340 ne
372 1280 618 1357 relinquerentur.
641 1278 702 1337 His
724 1282 756 1338 et
777 1276 925 1356 pluribus
947 1277 980 1337 in
1003 1276 1142 1337 eundem
1163 1275 1302 1337 modum
1322 1297 1434 1357 perpu-

315 1377 434 1454 lerant,
473 1381 510 1436 ut
544 1395 585 1436 ne
616 1376 713 1452 legati
745 1374 877 1453 quidem
909 1395 946 1435 ac
978 1375 1076 1435 duces
1107 1374 1249 1454 partium
1282 1375 1435 1453 restingui

314 1494 407 1555 posse
436 1473 637 1535 iracundiam
666 1474 825 1533 exercitus
849 1473 1097 1550 arbitrarentur,
1126 1491 1202 1533 cum
1223 1473 1314 1533 haud
1335 1473 1434 1550 ignari

315 1573 509 1634 discriminis
538 1572 588 1632 sui
617 1572 831 1647 Viennenses,
860 1571 1044 1631 velamenta
1065 1576 1097 1631 et
1117 1570 1236 1631 infulas
1258 1571 1474 1649 praeterea-10

314 1676 377 1748 tes,
406 1670 463 1731 ubi
491 1688 606 1746 agmen
633 1669 821 1745 incesserat,
847 1688 938 1728 arma
965 1687 1069 1746 genua
1097 1668 1231 1746 vestigia
1252 1668 1434 1748 prensando

313 1769 430 1829 flexere
462 1768 605 1853 rnilitum
636 1767 770 1846 animos.
807 1766 944 1827 Addidit
975 1767 1095 1828 Valens
1125 1772 1270 1828 trecenos
1301 1766 1434 1843 singulis

314 1867 473 1927 militibus
488 1865 657 1926 sestertios.
679 1864 763 1925 Tum
779 1869 922 1925 vetustas
938 1864 1141 1943 dignitasque
1156 1864 1301 1925 coloniae
1316 1864 1433 1941 valuit,

314 1971 346 2026 et
369 1964 468 2026 verba
490 1962 570 2023 Fabi
591 1963 729 2024 salutem
750 1962 1073 2041 incolumitatemque
1096 1962 1330 2023 Viennensium
1352 1982 1434 2026 oom-

314 2061 497 2123 mendantis
535 2061 646 2139 aequis
684 2059 816 2123 auribus
854 2065 993 2139 accepta.
1033 2060 1165 2121 Publice
1195 2065 1306 2121 tamen
1338 2061 1433 2122 armis
1450 2066 1472 2119 15

314 2160 460 2237 multati,
489 2159 624 2238 privatis
653 2162 685 2218 et
712 2158 905 2237 promiscuis
933 2158 1034 2237 copiis
1059 2159 1167 2219 iuvere
1195 2158 1345 2219 militem.
1374 2157 1433 2220 Sed

312 2260 400 2319 fama
421 2253 572 2319 constans
594 2256 656 2316 fuit
676 2257 786 2335 ipsum
807 2257 977 2317 Valentem
992 2276 1110 2334 magna
1124 2257 1261 2335 pecunia
1277 2265 1432 2339 emptum.

313 2356 346 2416 Is
374 2355 430 2415 diu
457 2354 620 2431 sordidus,
649 2359 779 2432 repente
811 2353 902 2415 dives
916 2369 917 2372 ’
930 2355 1144 2415 mutationem
1172 2354 1322 2417 fortunae
1351 2358 1433 2418 male

312 2454 454 2531 tegebat,
483 2452 623 2512 accensis
651 2456 790 2528 egestate
812 2450 908 2528 longa
929 2451 1136 2531 cupidinibus
1158 2452 1382 2516 inmoderatus
1403 2461 1432 2517 et

312 2551 402 2630 inopi
439 2550 573 2610 iuventa
607 2568 706 2609 senex
736 2548 898 2626 prodigus.
937 2550 1039 2610 Lento
1070 2549 1187 2611 deinde
1218 2552 1347 2628 agmine
1378 2552 1471 2633 perll

311 2650 391 2710 fines
423 2647 633 2724 Allobrogum
665 2666 703 2707 ac
735 2647 967 2708 Vocontiorum
1000 2648 1116 2709 ductus
1148 2650 1324 2725 exercitus,
1363 2652 1432 2731 ipsa

311 2748 463 2808 itinerum
492 2745 597 2824 spatia
624 2750 656 2804 et
683 2730 876 2806 stativorum
905 2746 1100 2807 mutationes
1125 2746 1314 2808 venditante
1336 2748 1430 2827 duce,

238 2877 256 2890 2
311 2844 413 2905 foedis
434 2842 639 2922 pactionibus
661 2842 814 2903 adversus
835 2862 1031 2921 possessores
1052 2863 1201 2921 agrorum
1220 2849 1252 2905 et
1266 2846 1431 2923 magistra-

311 2947 363 3003 tus
394 2942 580 3018 civitatum,
620 2940 700 3001 adeo
732 2941 916 3019 minaciter,
948 2946 985 3002 ut
1017 2943 1104 3002 Luco
1136 2942 1368 3022 (municipium
1399 2943 1431 3003 id

310 3039 544 3099 Vocontiorum
558 3040 619 3115 est)
634 3037 719 3098 faces
734 3037 929 3116 admoverit,
952 3039 1053 3100 donec
1068 3040 1206 3118 pecunia
1220 3040 1429 3118 mitigaretur.
1446 3041 1472 3095 25

311 3136 467 3208 Quotiens
484 3136 643 3216 *pecuniae
664 3137 799 3197 materia
820 3136 959 3213 deesset,
982 3137 1101 3216 stupris
1123 3143 1154 3199 et
1175 3136 1343 3201 adulteriis
1359 3160 1431 3201 exo·

310 3234 449 3296 robatur.
473 3234 524 3295 Sic
545 3232 586 3293 ad
608 3234 707 3312 Alpes
728 3240 929 3312 perventum.

257 3343 294 3405 67
351 3332 428 3393 Plus
463 3330 599 3411 praedae
631 3350 667 3391 ao
699 3331 864 3408 sanguinis
895 3331 1032 3391 Caecina
1063 3331 1181 3393 hausit.
1214 3332 1432 3396 Inritaverant

309 3430 477 3492 turbidum
499 3429 664 3506 ingenium
686 3428 845 3505 Helvetii,
869 3428 993 3489 Gallica
1014 3448 1106 3506 gens,
1128 3430 1206 3490 olim
1229 3432 1328 3493 armis
1343 3432 1432 3494 viris-

309 3548 387 3608 que,
415 3547 493 3587 mox
520 3527 677 3587 memoria
703 3527 846 3586 nominis
875 3527 975 3604 clara,
1003 3526 1043 3587 de
1067 3526 1163 3587 caede
1185 3527 1308 3589 Galbae
1329 3529 1431 3607 ignari
1447 3531 1475 3588 30

309 3632 341 3687 et
361 3626 484 3686 Vitellii
506 3625 679 3703 imperium
701 3624 888 3685 abnuentes.
911 3624 1048 3684 initium
1063 3624 1148 3685 bello
1163 3624 1225 3685 fuit
1242 3627 1380 3688 avaritia
1395 3647 1430 3689 ac

344 3857 368 3907 5.
388 3854 486 3919 colpnia
504 3855 534 3905 F.
556 3885 587 3890 —
608 3857 632 3906 o.
652 3853 779 3903 (traderet
797 3854 828 3904 F.
850 3884 882 3890 —
902 3854 926 3906 8.
946 3856 988 3922 ne]
1008 3873 1055 3905 nec
1073 3855 1103 3906 F.
1125 3886 1155 3893 -
1173 3857 1213 3909 13.
1234 3864 1336 3908 uetusta
1346 3857 1376 3908 F.
1397 3885 1429 3895 -

310 3945 350 3994 14.
377 3944 478 3994 uiensir'r
501 3944 524 3994 F
545 3946 574 4008 os.
600 3942 642 3995 32.
667 3944 691 3995 5.
719 3972 752 3979 --
780 3944 819 3995 15.
846 3944 960 4011 auribus]
987 3944 1105 4005 saxnrib3
1131 3945 1153 3995 F
1177 3946 1273 4011 &uitae
1291 3945 1343 3996 iam
1363 3946 1431 3997 auri·

308 4034 383 4097 busll
411 4062 444 4070 —
472 4032 515 4083 21.
545 4032 703 4096 Allobrogna
716 4030 718 4100 Ι
731 4049 760 4082 ac
788 4033 967 4083 uocantiornm
995 4034 1120 4100 (ultimum
1147 4034 1298 4085 uocabulum
1321 4053 1383 4087 corr.
1403 4036 1430 4085 in

307 4142 354 4188 neq,
380 4141 410 4172 nt.
437 4120 473 4185 2).
495 4151 527 4159 -
546 4120 588 4173 28.
614 4121 732 4190 pcqcica
755 4121 840 4171 hausit
864 4122 886 4171 F
904 4139 952 4187 pcr·
970 4121 1106 4173 Caecinam
1125 4123 1246 4173 haustum
1266 4122 1369 4174 Meiser.
1396 4152 1429 4161 —

307 4210 349 4264 29.
369 4211 465 4262 helueti
484 4212 506 4261 F
524 4211 598 4261 solim
617 4211 647 4261 F.
