3409 4909
338 452 395 512 186
763 469 905 511 connum
927 469 1039 511 raorrr
1308 456 1344 519 (a.
1365 471 1389 505 u.
1409 452 1459 507 823

335 644 465 713 senatu,
495 643 531 698 ut
559 638 730 699 sescenties
759 637 942 704 sestertium
965 658 983 698 a
1005 638 1140 717 privatis
1162 643 1317 698 mutuum
1340 638 1462 717 accipe·

335 742 438 812 retur3
461 736 730 815 praepositusque
747 736 776 795 ei
791 754 886 796 curae
902 736 1075 815 Pompeius
1091 734 1259 796 Silvanus:
1281 753 1342 795 nec
1357 733 1461 795 multo

335 839 409 913 post
436 834 609 895 necessitas
631 834 726 911 abiit,
755 834 822 894 sive
844 834 964 894 omissa
985 833 1160 894 simulatio.
1190 832 1348 909 Abrogati
1369 831 1461 909 inde,

334 932 437 1009 legem
457 932 578 993 ferente
593 932 796 1009 Domitiano,
819 932 1023 1009 consulatue,
1046 950 1127 1010 quos
1141 930 1294 992 Vitellius
1310 930 1461 1006 dederat,

335 1030 498 1109 funusque
529 1031 711 1091 censorium
739 1030 852 1092 Flavio
881 1028 1001 1090 Sabino
1030 1029 1182 1104 ductum,
1215 1048 1335 1105 magna
1363 1028 1494 1094 docnt

335 1132 445 1188 menta
466 1128 626 1188 instabilis
648 1128 795 1188 fortunae
817 1147 1011 1206 summaque
1032 1131 1064 1188 et
1085 1128 1152 1187 ima
1173 1126 1348 1187 miscentis.

281 1228 320 1288 48
374 1226 441 1286 Sub
469 1225 557 1286 idem
584 1230 713 1304 tempus
736 1226 769 1285 L.
793 1226 867 1286 Piso
889 1244 947 1304 pro
968 1225 1100 1286 consule
1121 1224 1321 1285 interficitur.
1352 1225 1402 1284 Ea
1423 1224 1463 1285 de

334 1322 430 1383 caede
458 1342 558 1400 quam
586 1323 750 1384 verissime
777 1323 965 1402 expediam,
992 1323 1019 1383 si
1041 1341 1145 1401 pauca
1166 1340 1264 1400 supra
1285 1322 1447 1401 repetiero
1455 1369 1462 1398 ,

334 1422 374 1482 ab
396 1421 489 1482 initio
511 1421 681 1499 causisque
703 1421 819 1481 talium
841 1421 1023 1481 facinorum
1044 1440 1109 1481 non
1132 1418 1280 1480 absurda.
1307 1419 1407 1497 Legio
1428 1420 1463 1481 in

333 1519 442 1580 Africa
464 1519 652 1596 auxiliaque
674 1518 819 1579 tutandis
842 1519 970 1597 imperii
992 1518 1111 1579 finibus
1133 1517 1192 1578 sub
1215 1516 1291 1578 divo
1311 1518 1463 1594 Augusto
1482 1530 1510 1584 10

333 1616 525 1693 Tiberioque
553 1616 755 1695 principibus
776 1616 963 1694 proconsuli
985 1616 1157 1695 parebant3
1186 1633 1265 1675 mox
1285 1615 1320 1675 C.
1344 1615 1463 1677 Caesar

333 1714 482 1775 turbidus
521 1714 622 1775 animi
653 1734 690 1774 ac
721 1714 870 1774 Marcum
902 1712 1050 1773 Silanum
1082 1713 1282 1780 obtinentem
1314 1712 1462 1774 Africam

333 1818 495 1890 metuens,
528 1812 671 1872 ablatam
699 1812 885 1890 proconsuli
913 1812 1072 1888 legionem
1100 1812 1199 1871 misso
1227 1811 1261 1870 in
1289 1830 1363 1871 earn
1394 1831 1462 1872 rem

333 1910 438 1987 legato
465 1910 609 1971 tradidit.
638 1912 807 1988 Aequatus
828 1911 913 1971 inter
934 1910 1015 1971 duos
1037 1909 1265 1970 beneficiorum
1288 1927 1461 1985 numerus,

333 2013 365 2069 et
395 2008 507 2067 mixtis
540 2008 709 2087 utriusque
740 2008 903 2069 mandatis
935 2007 1096 2069 discordia
1123 2006 1270 2085 quaesita
1298 2010 1462 2085 auctaque
1482 2022 1509 2073 15

333 2125 433 2185 pravo
456 2107 638 2167 certamine.
661 2107 854 2183 Legatorum
876 2107 924 2168 vis
947 2106 1089 2167 adolevit
1110 2104 1325 2165 diuturnitate
1347 2104 1461 2181 officii,

333 2203 385 2264 vel
421 2203 498 2281 quia
529 2203 709 2264 minoribus
741 2204 844 2263 maior
876 2202 1062 2264 aemulandi
1094 2221 1186 2279 cura;
1225 2201 1462 2279 proconsulum

333 2300 615 2380 splendidissimus
652 2302 788 2381 quisque
829 2301 994 2363 securitati
1029 2300 1131 2377 magis
1163 2319 1263 2379 quarn
1294 2299 1462 2377 potentiae

281 2394 318 2454 49
333 2399 553 2460 consulebant.
583 2399 645 2459 Sed
674 2405 744 2460 tum
772 2400 932 2476 legionem
961 2400 995 2459 in
1022 2399 1132 2459 Africa
1159 2397 1287 2474 regebat
1309 2396 1461 2458 Valerius

332 2498 462 2573 Festus,
491 2502 700 2575 sumptuosae
729 2497 966 2558 adulescentiae
995 2516 1099 2575 neque
1121 2494 1248 2556 modica
1270 2495 1410 2573 cupiens
1431 2501 1462 2557 et
1478 2509 1509 2563 ‘20

332 2594 499 2655 adfinitate
521 2595 633 2655 Vitelli
655 2596 781 2655 anxius
804 2596 837 2655 ls
857 2595 975 2656 crebris
990 2593 1192 2655 sermonibus
1206 2594 1461 2671 temptaveritne

332 2693 481 2753 Pisonem
514 2693 555 2753 ad
588 2712 636 2753 res
667 2712 767 2754 novas
799 2713 841 2753 an
874 2692 1048 2772 temptanti
1080 2691 1247 2767 restiterit,
1279 2691 1460 2766 incertum,

332 2790 486 2869 quoniam
515 2796 635 2851 secreto
664 2811 775 2851 eorum
801 2810 897 2851 nemo
919 2790 1025 2851 adfuit
1045 2794 1078 2851 et
1099 2790 1202 2850 occiso
1223 2788 1341 2849 Pisone
1363 2789 1461 2868 pleri·

332 2908 394 2967 que
416 2888 456 2948 ad
478 2888 1072 2965 gratiaminterfectorisinclinavere.
1102 2887 1167 2947 Nec
1189 2886 1366 2963 ambigitur
1389 2906 1460 2966 pro

332 2986 473 3047 vinciam
495 2992 526 3045 et
547 2986 685 3046 militem
707 2986 847 3046 alienato
869 3005 943 3062 erga
964 2986 1201 3064 Vespasianum
1217 2984 1327 3044 animo
1342 2983 1458 3062 fuisse;
1476 2999 1506 3051 25

331 3089 363 3145 et
401 3083 535 3162 quidam
574 3104 590 3144 e
623 3085 805 3145 Vitellianis
838 3085 917 3145 urbe
948 3084 1075 3163 profugi
1108 3083 1315 3144 ostentabant
1346 3084 1458 3145 Pisoni

330 3187 483 3242 nutantes
516 3182 655 3257 Gallias,
687 3188 834 3261 paratam
864 3182 1087 3259 Germaniam,
1120 3181 1264 3260 pericula
1292 3180 1398 3260 ipsius
1428 3186 1459 3242 et

331 3280 365 3340 in
386 3299 464 3359 pace
486 3286 635 3359 suspecto
657 3282 759 3341 tutius
781 3280 913 3341 bellum.
936 3280 1025 3340 Inter
1047 3299 1129 3357 quae
1145 3279 1301 3340 Claudius
1317 3279 1457 3357 Sagitta,

331 3377 510 3456 praefectus
542 3377 612 3437 alae
643 3378 826 3455 Petrianae,
866 3397 1019 3456 prospera
1050 3378 1255 3454 navigatione
1287 3378 1458 3456 praevenit

332 3476 497 3554 Papirium
532 3476 753 3536 centurionem
785 3495 804 3535 a
835 3476 988 3536 Muciano
1019 3476 1157 3536 missum
1188 3473 1457 3554 adseveravitque
1475 3489 1506 3543 30

331 3572 485 3633 mandata
507 3572 720 3633 interficiendi
742 3573 866 3633 Pisonis
886 3573 1066 3634 centurioni
1080 3572 1172 3649 data;
1194 3571 1347 3633 cecidisse
1363 3572 1456 3635 Gale

366 3811 390 3862 3.
421 3810 557 3875 abroganti
576 3811 606 3860 F.
627 3840 659 3846 -
681 3812 704 3863 o.
725 3818 749 3861 et
769 3810 821 3860 ima
840 3810 963 3877 Agricola
981 3810 1057 3860 etiam
1076 3810 1107 3860 F.
1128 3838 1160 3847 -
1180 3808 1205 3862 8.
1225 3809 1353 3875 repetiero
1373 3810 1456 3861 Rhea.

330 3899 428 3964 petiero
447 3900 477 3949 F.
505 3929 537 3936 —
559 3898 599 3950 12.
620 3899 730 3950 turbidis
748 3899 789 3950 Fl.
811 3929 843 3936 —
863 3901 902 3967 acl
922 3899 954 3949 ad
974 3899 1004 3949 F.
1027 3929 1058 3936 -
1080 3899 1119 3951 16.
1139 3898 1179 3949 ius
1197 3899 1221 3949 F
1239 3916 1318 3965 supra
1336 3900 1457 3966 scriptum

330 3995 364 4037 eat
389 3988 429 4037 uis
453 3987 480 4049 (2
506 3990 557 4054 nat
584 4017 617 4024 -
646 3987 686 4040 18.
712 3988 887 4053 splendissim3
913 3988 943 4038 F.
970 4018 1003 4025 -
1025 3987 1065 4039 19.
1091 3988 1168 4038 africa
1187 3988 1256 4056 (uel.
1276 3987 1331 4054 cst).
1359 4018 1393 4025 —
1413 3987 1455 4041 20.

329 4093 443 4142 cupuens
470 4077 500 4127 F.
531 4107 562 4114 -
592 4075 635 4129 28.
667 4085 784 4142 suspecto
816 4076 954 4129 Victoriam
981 4084 1097 4142 suscepto
1125 4077 1154 4127 F.
1185 4106 1217 4113 —
1245 4074 1288 4128 29.
1317 4076 1456 4127 Petrianae

329 4164 458 4232 Boeotaaq
477 4167 506 4230 cf.
527 4166 549 4215 I.
570 4165 603 4218 70
622 4166 738 4231 petrinae
756 4166 786 4215 F.
809 4196 839 4202 -
861 4182 972 4231 propera
990 4166 1120 4232 Playqers.
1141 4196 1174 4203 —
1194 4166 1236 4218 31.
1256 4165 1353 4217 sedisse
1372 4166 1404 4217 F.
