3409 4909
281 470 307 519 p.
328 452 376 503 Ch.
396 452 451 519 69).
623 467 851 511 msroarnnun
873 450 916 511 Π.
939 450 1066 511 65-68.
1365 450 1402 515 87

279 635 458 698 lenimento
484 657 573 698 arma
594 636 635 697 ad
657 637 804 698 tribunos
826 656 901 697 suos
924 635 1125 713 deserebant,
1154 636 1255 698 donec
1276 641 1403 697 motum

280 754 300 794 a
335 734 536 813 Vespasiano
566 734 690 795 bellum
722 734 947 795 crebresceret:
987 739 1059 794 tum
1091 738 1255 813 resumpta
1287 733 1403 795 militia

280 830 380 891 robur
407 832 636 892 Flavianarum
665 832 809 909 partium
837 830 933 892 fuere.
964 831 1072 890 Prima
1093 829 1301 891 classicorum
1321 830 1403 908 legio

279 930 316 989 in
344 929 540 1008 Hispaniam
568 929 682 1008 missa,
710 934 747 990 ut
769 949 847 1008 pace
869 934 901 989 et
921 929 987 990 otio
1008 929 1189 989 mitesceret
1196 948 1203 1006 ;
1231 927 1404 988 undecima

244 1044 318 1094 sac
357 1027 495 1106 septima
526 1026 593 1087 suis
624 1018 767 1087 hibernis
798 1026 957 1104 redditae3
995 1025 1251 1086 tertiadecimani
1283 1031 1404 1087 struere

280 1123 522 1202 amphitheatra
536 1124 625 1184 iussi.
647 1124 730 1184 Nam
746 1124 884 1184 Caecina
899 1124 1090 1201 Cremonae,
1106 1124 1225 1184 Valens
1240 1124 1404 1184 Bononiae

281 1221 505 1301 spectaculum
532 1221 749 1298 gladiatorum
777 1222 870 1282 edere
891 1221 1065 1300 parabant,
1094 1240 1274 1299 numquam
1296 1221 1341 1281 ita
1362 1220 1403 1281 ad

281 1339 375 1380 curas
395 1320 521 1381 intento
543 1318 691 1396 Vitellio,
712 1325 750 1380 ut
772 1319 981 1398 voluptatum
1003 1319 1252 1380 oblivisceretur.

322 1419 365 1478 Et
376 1418 517 1497 (victas)
529 1417 661 1495 quidem
673 1422 778 1496 partes
790 1418 936 1479 modeste
945 1416 1151 1478 distraxerat:
1167 1416 1254 1495 apud
1266 1418 1403 1478 victores
1418 1425 1456 1486 68

232 1546 262 1600 [0
281 1521 352 1576 orta
372 1514 503 1593 seditio,
524 1515 649 1576 ludicro
669 1516 779 1592 initio,
802 1516 875 1594 <ni>
897 1534 1050 1575 numerus
1065 1534 1231 1576 caesorum
1245 1514 1403 1575 invidiam

283 1613 415 1675 Vitellio
446 1614 597 1674 auxisset.
630 1614 844 1674 Discubuerat
875 1612 1027 1674 Vitellius
1056 1612 1160 1673 Ticini
1188 1611 1334 1673 adhibito
1362 1611 1403 1673 ad

282 1711 395 1789 epulas
417 1711 577 1788 Verginio.
604 1711 715 1788 Legati
736 1710 923 1788 tribunique
945 1729 986 1769 ex
1007 1709 1150 1770 moribus
1171 1709 1404 1787 imperatorum

282 1809 488 1870 severitatem
519 1809 725 1869 aemulantur
751 1808 803 1869 vel
830 1807 1032 1886 tempestivis
1061 1805 1219 1867 conviviis
1246 1805 1402 1884 gaudent3

282 1906 418 1985 proinde
448 1906 542 1966 miles
573 1907 717 1966 intentus
748 1910 805 1965 aut
835 1905 967 1966 licenter
998 1904 1079 1981 agit:
1114 1904 1202 1983 apud
1234 1904 1404 1965 Vitellium

232 2037 263 2087 [5
283 2004 393 2065 omnia
424 2003 617 2083 indisposita
647 2002 841 2080 temulenta,
877 2002 1053 2081 pervigiliis
1085 2022 1121 2062 ac
1152 2001 1404 2063 bacchanalibus

283 2121 381 2181 quam
404 2101 595 2179 disciplinae
616 2106 648 2162 et
662 2102 774 2162 castris
789 2102 949 2180 propiora.
972 2101 1075 2177 Igitur
1089 2100 1216 2162 duobus
1231 2100 1404 2175 militibus,

283 2199 384 2261 altero
415 2200 550 2277 legionis
582 2200 731 2279 quintae,
771 2199 871 2261 altero
904 2219 920 2260 e
956 2199 1058 2260 Gallis
1089 2199 1318 2275 auxiliaribus,
1348 2218 1405 2276 per

282 2297 451 2359 lasciviam
473 2296 515 2357 ad
537 2302 698 2358 certamen
720 2297 867 2359 luctandi
888 2297 1046 2374 accensis,
1071 2301 1242 2376 postquam
1266 2296 1405 2373 legiona-

283 2395 350 2456 rius
372 2394 569 2475 prociderat,
598 2396 776 2456 insultante
798 2395 893 2457 Gallo
915 2401 946 2457 et
966 2395 1021 2473 iis,
1050 2394 1107 2474 qui
1129 2394 1170 2455 ad
1192 2394 1405 2473 spectandum

232 2521 265 2575 30
284 2498 519 2569 convenerant,
540 2494 575 2553 in
597 2492 705 2555 studia
727 2493 884 2571 diductis,
906 2512 1038 2571 erupere
1058 2492 1225 2569 legionarii
1246 2492 1280 2551 in
1301 2492 1405 2570 perni-

283 2591 367 2651 ciem
394 2590 608 2666 auxiliorum,
637 2610 674 2651 ac
703 2589 785 2652 duae
814 2591 960 2652 cohortes
987 2590 1180 2651 interfectae.
1213 2588 1405 2650 Remedium

281 2688 446 2749 tumultus
473 2688 537 2749 fuit
564 2689 647 2750 alius
675 2688 846 2749 tumultus.
876 2688 988 2749 Pulvis
1016 2686 1128 2767 procul
1156 2690 1188 2747 et
1212 2706 1301 2746 arma
1322 2688 1406 2765 aspi-

284 2787 467 2847 ciebantur:
490 2787 731 2848 conclamatum
751 2791 882 2865 repente
904 2790 1053 2865 quartam
1072 2784 1232 2844 decimam
1246 2783 1406 2860 legionem

284 2904 378 2946 verso
395 2885 510 2946 itinere
525 2884 566 2945 ad
580 2885 740 2964 proelium
755 2884 864 2946 venire
872 2904 879 2960 ;
901 2883 957 2944 sed
972 2888 1064 2943 erant
1078 2882 1214 2959 agminis
1229 2886 1405 2943 coactores:

232 3010 265 3065 25
285 2982 385 3059 agniti
408 2982 575 3061 dempsere
596 2982 859 3043 sollicitudinem.
882 2982 1016 3041 Interim
1040 2979 1181 3055 Verginii
1200 2998 1310 3040 servus
1325 2979 1406 3041 forte

284 3081 401 3142 obvius
428 3086 466 3141 ut
493 3099 662 3159 percussor
686 3080 811 3141 Vitellii
831 3078 1040 3140 insimulatur
1047 3098 1054 3155 3
1083 3082 1115 3138 ct
1136 3076 1250 3138 ruebat
1270 3077 1311 3137 ad
1333 3097 1406 3138 con·
1512 3095 1515 3100 ’

284 3178 411 3239 vivium
431 3177 540 3255 miles,
564 3183 701 3239 mortem
724 3178 867 3255 Verginii
888 3195 1073 3255 exposcens.
1096 3175 1143 3235 Ne
1164 3174 1316 3235 Vitellius
1337 3176 1406 3254 qui-

284 3274 376 3351 dem,
398 3294 599 3355 quamquam
612 3274 653 3335 ad
665 3294 776 3336 omnes
788 3276 987 3354 suspiciones
998 3272 1152 3353 pavidus,
1172 3271 1211 3333 de
1222 3273 1407 3333 innocentia

285 3372 355 3431 eius
376 3369 540 3433 dubitavit
547 3391 554 3449 ;
577 3391 668 3449 aegre
688 3376 799 3433 tamen
820 3371 971 3449 cohibiti,
993 3372 1049 3450 qui
1071 3371 1208 3430 exitium
1229 3370 1406 3431 consularis

232 3500 266 3554 30
286 3474 318 3530 et
346 3469 512 3546 quondam
540 3469 632 3530 ducis
660 3470 710 3529 sui
738 3469 936 3546 flagitabant.
966 3469 1031 3528 Nec
1059 3487 1256 3547 quemquam
1278 3468 1405 3546 saepius

477 3669 493 3701 l]
723 3667 737 3699 r

1046 3656 1056 3698 t
1288 3663 1305 3695 n

324 3725 346 3774 1.
366 3722 496 3773 deferebat
514 3722 544 3772 F.
566 3752 598 3759 -
618 3720 642 3771 2.
662 3721 737 3772 crebo
751 3718 753 3790 l
765 3727 846 3771 sceret
855 3720 885 3771 F.
907 3720 974 3772 —6.
994 3718 1055 3770 iussi
1066 3719 1095 3769 F.
1116 3749 1147 3755 —
1161 3719 1184 3769 7.
1204 3717 1312 3783 parabat
1322 3718 1351 3767 F.
1373 3745 1406 3754 -

285 3811 310 3863 9.
341 3810 459 3880 <uictas>
479 3811 586 3861 imerali
604 3810 703 3860 Haase.
734 3809 828 3862 -10.
860 3806 924 3878 <ni>
944 3810 1002 3858 cdd.
1023 3808 1150 3874 Agricola.
1181 3836 1213 3843 -
1235 3808 1275 3857 ll.
1302 3806 1407 3858 Vitellio

286 3902 404 3952 Doederl.
429 3902 495 3952 bello
520 3901 542 3951 F
566 3900 627 3950 belli
646 3899 765 3949 traxisset
784 3898 859 3949 Meis.
887 3927 919 3935 -
941 3898 980 3949 13.
1006 3897 1104 3948 conniis
1123 3897 1151 3962 cs.
1167 3914 1195 3962 p.
1215 3894 1284 3947 829.
1310 3925 1344 3932 —
1365 3896 1406 3947 15.

285 3990 449 4053 bachanalib3
469 3990 491 4040 F
511 4019 544 4027 -
566 3988 606 4040 16.
626 3988 760 4054 propiorix
778 4005 839 4037 coar.
861 3988 888 4036 in
905 3986 1028 4051 propiora
1045 3985 1136 4035 atiud.
1157 3984 1242 4035 -19,
1263 3983 1408 4048 spectaculi

285 4087 412 4130 uenerant
435 4079 458 4129 F
483 4081 554 4145 (corr.
579 4096 611 4128 m.
635 4078 711 4143 prinu
739 4077 766 4126 ia
790 4074 929 4142 spectandu
954 4077 1146 4139 conuenerant).
1173 4102 1205 4109 —
1224 4070 1266 4124 20.
1293 4071 1408 4122 deductis

285 4165 509 4233 Fupmm
