3409 4909
279 455 306 504 p.
324 437 376 503 cn.
397 438 440 495 69)
629 451 856 494 nrsrcnmm'n
878 433 904 493 Ι.
927 432 1053 492 28-31.
1364 430 1401 492 17

276 642 371 702 prestes
401 623 501 701 ipsum
532 623 588 699 ait,
620 620 707 681 nibor
737 640 773 679 oc
800 620 923 680 dedecus
945 638 1036 699 penes
1063 638 1169 679 omnes.
1202 619 1296 679 Nemo
1323 618 1403 678 enim

280 740 429 798 erumnam
467 720 628 798 imperium
658 719 782 799 flopitio
812 719 980 796 quaesitum
1009 717 1092 777 bonis
1123 716 1237 777 ortibus
1267 716 1401 776 eaernrit.

284 818 416 879 Galliam
448 838 601 879 omsenuis
629 818 744 895 puteris
774 816 917 893 humani,
953 836 999 876 roe
1032 815 1129 876 Galba
1159 813 1403 876 coriaentientibru

278 916 362 977 oobia
385 917 542 977 Caesarem
562 916 648 977 dixit.
670 914 705 975 Si
725 934 770 975 res
786 914 911 993 poibiica
932 923 958 974 et
978 922 1098 975 senatus
1118 921 1145 973 ct
1162 913 1292 991 populus
1308 931 1403 972 nauto

240 1015 411 1079 eumatio
440 1022 526 1087 aiant,
560 1022 673 1091 oestro,
704 1013 932 1089 commilitones,
962 1013 1099 1088 interest,
1130 1031 1166 1071 nc
1196 1012 1404 1089 imperatorem

277 1112 406 1191 pesam-i
422 1111 554 1189 fuciunt.
576 1112 741 1189 lapionum
760 1110 867 1170 seditio
888 1110 1028 1171 adomnia
1048 1109 1134 1169 duces
1153 1128 1219 1169 aiioa
1239 1108 1349 1168 audito-
1363 1114 1402 1167 cat

280 1208 469 1285 aliquando:
495 1216 593 1268 oestro
611 1206 688 1286 fides
705 1206 852 1284 fumoque
871 1207 989 1267 inlaesa
1010 1207 1052 1267 od
1072 1206 1150 1266 brine
1171 1206 1250 1266 diem
1269 1205 1402 1279 momit;

283 1315 311 1368 et
332 1307 414 1386 Nero
436 1326 547 1383 neroque
566 1325 615 1366 roa
636 1305 786 1381 destituit,
814 1324 876 1365 non
894 1324 944 1365 coa
963 1306 1119 1365 Neronem.
1148 1304 1254 1365 Minus
1276 1306 1403 1381 tripinto

284 1403 465 1482 tranafirpoc
495 1412 521 1464 et
552 1404 722 1480 desertores,
755 1423 826 1481 piros
856 1404 1056 1463 centurionem
1086 1410 1140 1462 aut
1169 1402 1321 1462 tribunum
1347 1402 1403 1463 sibi

231 1513 264 1567 10
284 1504 424 1581 elipantus
444 1501 654 1578 neocosmum,
682 1502 844 1580 imperium
864 1500 1090 1579 odsipnobunt?
1117 1500 1293 1561 Admittitis
1313 1520 1403 1560 erem-

278 1600 369 1679 pium
396 1608 423 1659 et
452 1599 623 1677 qriicaoendo'
649 1618 799 1659 cornmune
827 1599 938 1659 crimen
955 1598 1085 1675 fucitis?
1117 1598 1313 1661 Transcendit
1333 1598 1404 1659 boec

283 1697 408 1758 licentio
435 1698 470 1756 in
495 1696 688 1775 prouinciaa;
716 1704 742 1756 et
769 1696 811 1756 ad
834 1715 888 1756 noa
907 1697 1046 1757 scelerum
1066 1697 1174 1775 eritrea,
1202 1695 1342 1756 beliorum
1362 1696 1404 1756 ud

281 1814 333 1855 ooa
356 1794 558 1873 pertinebunt.
585 1796 647 1855 Nec
674 1803 715 1854 est
738 1795 824 1873 piris,
852 1796 932 1873 quod
954 1816 1012 1874 pro
1039 1795 1293 1873 comprincipia
1313 1815 1404 1872 priam

282 1893 363 1972 quod
394 1894 598 1954 innocentibus
629 1894 739 1968 dotur;
770 1893 821 1953 aed
849 1894 977 1972 perinde
1009 1914 1029 1953 a
1059 1892 1142 1953 nobia
1168 1893 1344 1953 donatiuum
1371 1892 1404 1952 ob

232 2004 262 2055 15
276 1991 374 2070 fldem
395 2012 487 2069 piram
507 1992 544 2051 ob
564 1991 637 2052 aliis
654 2012 711 2070 pro
728 1991 867 2067 facinore
887 1993 1048 2070 accipietis.

325 2089 468 2168 Dilapsis
496 2089 750 2169 speculatoribus
778 2095 884 2151 cetera
911 2090 1025 2151 cohors
1053 2109 1119 2151 non
1141 2095 1309 2168 aspernata
1331 2107 1404 2150 con·
1419 2082 1455 2141 31

282 2187 479 2264 timentem,
512 2195 549 2248 ut
576 2186 714 2248 turbidis
742 2187 838 2247 rebus
867 2187 989 2265 evenit,
1018 2186 1098 2247 sorte
1126 2186 1227 2264 magis
1255 2191 1287 2247 et
1313 2186 1404 2247 nullo

283 2284 393 2345 adhuc
421 2285 556 2346 consilio
584 2285 669 2365 rapit
696 2286 786 2362 signa
815 2288 970 2365 <quam‚>
999 2284 1086 2365 quod
1116 2291 1225 2364 postea
1246 2283 1404 2346 creditum

283 2389 348 2462 est,
377 2382 503 2444 insidiis
531 2390 564 2445 et
591 2384 806 2445 simulatione.
836 2384 1047 2463 Praeceptum
1076 2383 1208 2444 Amulio
1236 2383 1352 2444 Sereno
1374 2390 1405 2443 et

232 2490 264 2544 20
283 2480 430 2541 Domitio
468 2481 587 2542 Sabino
624 2481 895 2561 primipilaribus,
931 2487 968 2542 ut
1000 2482 1206 2543 Germanicos
1238 2479 1356 2541 milites
1388 2500 1404 2541 e

284 2579 457 2640 Libertatis
496 2579 577 2641 atrio
613 2584 816 2640 accerserent.
856 2579 974 2640 Missus
1006 2586 1037 2641 et
1068 2578 1179 2640 Celsus
1211 2578 1332 2639 Marius
1363 2577 1404 2639 ad

283 2676 403 2739 electos
442 2677 564 2757 lllyrici
603 2678 779 2755 exercitus,
819 2678 975 2757 Vipsania
1006 2679 1040 2738 in
1071 2677 1197 2757 porticu
1228 2675 1403 2738 tendentes.

284 2776 417 2853 Legioni
447 2775 597 2836 classicae
626 2775 847 2853 diuidebatur,
876 2776 1011 2836 infestae
1035 2775 1076 2836 ob
1097 2773 1228 2836 caedem
1249 2774 1405 2836 commili-

283 2878 418 2947 tonum,
441 2890 521 2951 quos
544 2874 649 2951 primo
671 2874 782 2934 statim
802 2874 938 2945 introitu
958 2873 1174 2934 trucidaverat
1195 2872 1307 2934 Galba.
1334 2872 1405 2932 Per-

233 2981 266 3034 ³25
283 2973 367 3046 gunt
388 2969 486 3029 etiam
507 2970 541 3030 in
565 2976 670 3032 castra
687 2973 964 3050 praetorianorum
978 2971 1100 3032 tribuni
1115 2971 1240 3032 Cetrius
1254 2970 1405 3046 Severus,

285 3066 422 3127 Subrius
449 3067 586 3146 Dexter,
615 3069 788 3148 Pompeius
813 3070 993 3146 longinum,
1022 3069 1047 3129 si
1069 3069 1226 3148 incipiens
1247 3067 1352 3128 adhuc
1375 3072 1406 3127 et

286 3164 428 3225 necdum
450 3166 565 3226 adulta
586 3165 701 3228 seditio
722 3166 908 3228 melioribus
930 3166 1071 3228 consiliis
1092 3166 1271 3227 flecteretur
1292 3165 1406 3242 [tribu-

286 3265 437 3341 norum].ss
453 3264 606 3325 Subrium
627 3270 658 3326 et
679 3265 822 3326 Cetrium
837 3264 941 3325 adorti
956 3263 1074 3325 milites
1089 3264 1202 3341 minis,
1223 3263 1405 3338 Longinum

325 3525 348 3575 l.
374 3522 432 3586 dec;
456 3522 491 3573 Fl
510 3554 544 3561 -
564 3524 588 3575 4.
615 3540 696 3575 uacua
714 3525 736 3574 F
755 3541 823 3575 uana
841 3525 896 3576 cdd.
916 3525 973 3576 dett.
999 3555 1032 3562 —
1053 3526 1076 3577 7.
1101 3524 1160 3575 fide.
1181 3554 1213 3561 -
1235 3523 1275 3573 14.
1300 3523 1407 3589 perinde

288 3611 370 3662 Rieu.
389 3611 506 3678 proinde.
527 3642 560 3649 -
578 3612 710 3664 donatiuo.
730 3644 763 3651 —
786 3616 827 3666 li.
846 3615 933 3665 euenit
951 3616 1017 3665 forte
1035 3614 1148 3665 Heleno
1166 3612 1307 3663 euentiorte
1322 3612 1352 3662 F.
1373 3642 1405 3649 -

288 3701 359 3752 nullo
383 3700 542 3752 Fbeinabcim
567 3702 692 3753 nonnullo
710 3703 740 3753 F.
767 3733 800 3741 -
828 3702 868 3755 18.
894 3703 962 3770 rapit
985 3703 1058 3766 signa
1075 3702 1171 3752 liciace
1189 3718 1248 3766 pars
1266 3701 1359 3766 signas.
1385 3702 1407 3751 F

288 3798 362 3855 parat
390 3790 464 3855 signa
492 3791 615 3857 Api-iccio
642 3807 720 3856 quam
748 3792 806 3841 odd.
835 3790 870 3841 N.
897 3790 1031 3841 Heinsius.
1067 3819 1099 3826 -
1130 3789 1170 3840 19.
1198 3788 1304 3839 Amabo
1330 3790 1407 3856 uulpo

289 3878 393 3930 amullio
419 3879 448 3929 F.
476 3908 508 3915 -
533 3877 576 3930 21.
603 3879 865 3931 missua-tendentes
888 3897 941 3929 criiu
964 3878 1086 3928 Acidalio
1110 3878 1232 3929 collocoui
1249 3885 1307 3945 post
1325 3896 1406 3929 accer-

289 3975 386 4031 serent,
411 3968 440 4017 in
464 3967 492 4017 F
508 3968 567 4018 boec
586 3976 725 4035 acquirentur
740 3976 797 4036 post
815 3968 984 4018 simulatione.
1011 3998 1039 4004 —
1062 3965 1104 4018 23.
1130 3966 1295 4018 diffidebatur
1311 3968 1407 4018 Acidu-

291 4054 338 4106 iiua
356 4055 492 4107 diffidebat
510 4056 540 4107 F.
561 4085 594 4093 -
613 4056 656 4108 27.
682 4064 707 4107 et
725 4056 834 4108 necdum
852 4057 875 4107 F
893 4064 918 4107 et
936 4055 1051 4106 nondum
1070 4057 1127 4107 dett.
1148 4056 1256 4107 necdum
1273 4056 1353 4123 Nipp.
1375 4086 1407 4093 —-

292 4142 474 4212 [tribunorum]
493 4145 593 4196 seclusit
610 4145 692 4213 Nipp.
711 4176 742 4184 -
763 4144 806 4197 ⁶28.
827 4145 951 4210 longinus

324 4246 484 4286 cosumus
502 4248 629 4285 iremus.
648 4234 699 4284 111.
1285 4232 1300 4283 2
