3409 4909
255 500 282 549 p.
304 483 417 550 01169)
593 502 820 546 msronmnuu
843 486 904 546 III.
927 486 1055 549 44-47.
1324 487 1380 548 131

256 668 411 728 exercitu.
433 669 496 730 Sed
517 670 622 748 prima
643 690 750 732 rerum
773 672 874 749 quieti
889 672 1156 751 speculabantur:
1179 673 1235 734 ubi
1249 674 1381 751 flagrare

257 765 390 826 Italiam
411 767 513 845 bello,
535 773 652 829 cuncta
672 770 707 829 in
728 769 832 830 vicem
853 769 986 831 hostilia
1001 790 1166 850 accepere,
1189 771 1381 849 expugnatis

256 863 443 924 cohortium
470 866 661 945 alarumque
681 855 833 928 'hibernis
861 873 998 947 utraque
1026 869 1169 931 Danuvii
1190 870 1260 948 ripa
1281 869 1381 948 potie-

257 961 378 1023 bantur
385 982 392 1039 ;
428 963 560 1043 iamque
598 970 703 1026 castra
733 966 899 1043 legionum
930 966 1101 1027 excindere
1133 966 1307 1045 parabant,
1347 967 1381 1026 ni

215 1073 235 1124 5
257 1058 430 1120 Mucianus
458 1067 584 1122 sextam
606 1062 764 1140 legionem
785 1064 1005 1143 opposuisset,
1035 1064 1260 1125 Cremonensis
1283 1064 1381 1125 victo-

256 1157 324 1218 riae
355 1178 489 1236 gnarus,
522 1180 559 1221 ac
589 1181 629 1222 ne
660 1167 794 1223 externa
822 1162 923 1223 moles
952 1163 1116 1241 utrimque
1144 1162 1321 1239 ingrueret,
1354 1162 1381 1222 si

258 1256 366 1316 Dacus
381 1242 644 1337 ‘Germanusque
671 1258 790 1320 diversi
816 1260 1025 1340 inrupissent.
1059 1259 1189 1337 Adfuit,
1220 1266 1258 1320 ut
1286 1279 1381 1338 saepe

257 1352 356 1429 alias,
395 1354 525 1415 fortuna
559 1356 672 1435 populi
703 1357 858 1434 Romani,
898 1378 980 1437 quae
1012 1358 1202 1419 Mucianum
1233 1358 1380 1435 viresque

257 1450 399 1512 Orientis
426 1452 504 1513 illuc
525 1453 615 1531 tulit,
644 1460 676 1516 et
697 1454 786 1534 quod
807 1456 984 1517 Cremonae
1004 1456 1133 1517 interim
1156 1456 1379 1532 transegimus.

198 1558 238 1613 10
256 1548 412 1609 Fonteius
451 1551 595 1631 Agrippa
625 1571 666 1613 ex
697 1554 775 1614 Asia
806 1557 880 1632 (pro
912 1554 1044 1615 consule
1076 1573 1148 1613 eam
1178 1554 1379 1632 provinciam

255 1666 368 1708 annuo
399 1648 534 1728 imperio
566 1653 727 1728 tenuerat)
760 1651 900 1712 Moesiae
931 1652 1133 1730 praepositus
1165 1656 1227 1728 est,
1260 1650 1379 1711 additis

255 1744 359 1823 copiis
388 1764 405 1806 e
432 1745 607 1808 Vitelliano
628 1749 789 1826 exercitu,
818 1768 915 1828 quem
938 1749 1044 1828 spargi
1067 1768 1123 1827 per
1144 1748 1326 1828 provincias
1348 1753 1380 1808 et

255 1847 392 1904 externo
413 1842 499 1905 bello
520 1844 647 1922 inligari
668 1865 742 1925 pars
764 1846 890 1907 consilii
911 1846 1067 1926 pacisque
1088 1850 1164 1907 erat.

298 1941 364 2001 Nec
392 1946 514 2003 ceterae
542 1943 689 2004 nationes
716 1943 864 2005 silebant.
893 1943 1008 2005 Subita
1035 1962 1092 2022 per
1119 1943 1261 2004 Pontum
1289 1962 1380 2003 arma
1394 1948 1432 2011 47

199 2049 236 2102 15
254 2038 432 2099 barbarum
462 2041 680 2120 mancipium,
711 2042 815 2121 regiae
846 2042 1013 2119 quondam
1046 2040 1155 2102 classis
1182 2040 1378 2119 praefectus,

254 2142 412 2197 moverat.
441 2138 474 2197 ls
501 2138 563 2199 fuit
590 2140 761 2216 Anicetus,
794 2139 977 2200 Polemonis
1005 2138 1156 2216 libertus,
1188 2136 1379 2217 praepotens

254 2233 351 2310 clim,
380 2239 412 2295 et
439 2240 613 2314 postquam
640 2244 776 2313 regnum
803 2238 838 2297 in
858 2237 996 2298 formam
1018 2237 1203 2316 provinciae
1224 2242 1378 2315 verterat,

253 2333 448 2393 mutationis
469 2334 639 2413 inpatiens.
662 2335 764 2412 Igitur
786 2335 909 2397 Vitellii
924 2336 1055 2396 nomine
1071 2335 1201 2396 adscitis
1216 2335 1379 2413 gentibus,

254 2449 340 2508 quae
368 2432 511 2492 Pontum
538 2432 707 2509 adcolunt,
736 2439 887 2511 corrupto
912 2434 946 2493 11
968 2452 1059 2511 spem
1080 2433 1267 2511 rapinarum
1290 2452 1380 2509 egen-

196 2536 236 2593 20
253 2529 382 2590 tissime
396 2549 539 2609 quoque,
561 2530 649 2591 haud
663 2531 855 2592 temnendae
870 2549 987 2591 manus
1002 2530 1117 2591 ductor
1131 2532 1379 2609 Trapezuntem,

254 2630 385 2687 vetusta
413 2626 500 2687 fama
527 2628 691 2688 civitatem
720 2649 739 2689 a
761 2628 890 2689 Graecis
911 2628 946 2688 in
968 2632 1111 2688 extremo
1133 2628 1285 2688 Ponticae
1306 2646 1380 2687 orae

255 2725 439 2803 conditam,
467 2726 594 2787 subitus
621 2726 753 2806 inmpit.
783 2727 883 2787 Caesa
910 2727 956 2788 ibi
985 2726 1116 2802 cohors,
1144 2726 1268 2803 regium
1290 2726 1380 2786 auxi-

254 2825 338 2885 lium
367 2824 462 2901 olim;
491 2843 570 2886 mox
597 2824 709 2887 donati
737 2826 867 2887 civitate
889 2826 1037 2885 Romana
1059 2825 1149 2901 signa
1171 2844 1323 2904 armaque
1345 2824 1379 2884 in

254 2927 405 2983 nostrum
433 2922 584 2999 modum,
613 2922 771 2984 desidiam
794 2923 1026 3001 licentiamque
1049 2922 1244 2983 Graecorum
1265 2921 1379 2982 retine-

199 3020 345 3082 2511111.
374 3021 477 3082 Classi
497 3039 627 3100 quoque
649 3021 733 3081 faces
754 3020 882 3095 intulit,
904 3040 1007 3081 vacuo
1030 3020 1111 3079 mari
1133 3019 1279 3095 eludens,
1303 3020 1379 3096 quia

254 3118 447 3179 lectissimas
476 3118 722 3179 Liburnicarum
749 3137 944 3198 omnemque
965 3118 1103 3178 militem
1125 3118 1296 3178 Mucianus
1317 3117 1379 3196 By·

254 3217 401 3278 zantium
428 3217 585 3293 adegerat.
614 3216 701 3287 Quin
726 3221 758 3277 et
778 3216 907 3277 barbari
928 3216 1141 3294 contemptim
1163 3216 1378 3292 vagabantur,

255 3315 420 3376 fabricatis
448 3319 578 3394 repente
606 3314 759 3375 navibus:
788 3333 932 3374 camaras
958 3319 1090 3390 vocant,
1120 3313 1197 3373 artis
1225 3312 1378 3373 lateribus

255 3414 358 3475 latam
380 3412 491 3473 alvum
512 3413 582 3473 sine
603 3412 734 3473 vinculo
756 3412 836 3472 aeris
851 3417 908 3473 aut
923 3411 997 3471 ferri
1012 3430 1170 3471 conexam
1177 3430 1184 3484 3
1206 3414 1238 3469 et
1252 3409 1378 3470 tumido

256 3588 419 3596 ———-—

290 3701 316 3753 ⁶2.
345 3702 447 3753 hostilis
464 3703 495 3754 F.
525 3732 557 3739 —
577 3703 601 3754 5.
630 3718 715 3752 cremo
735 3702 773 3765 (11
790 3698 968 3770 1111)(111111
988 3700 1017 3750 F.
1048 3731 1080 3737 —
1101 3701 1125 3751 7.
1151 3699 1257 3764 sepelias
1277 3697 1317 3749 Fl.
1345 3729 1377 3735 —

254 3846 279 3897 9.
308 3844 434 3909 transegit
458 3843 492 3895 Fl
515 3846 536 3910 (1
560 3844 589 3893 ia
613 3862 650 3907 m3
677 3861 738 3893 corr.
765 3846 817 3909 est).
848 3873 880 3879 -
908 3842 948 3893 12.
978 3844 1048 3908 copis
1069 3842 1099 3892 F.
1130 3871 1162 3878 -
1184 3843 1223 3893 15.
1252 3806 1336 3907 quiida
1356 3842 1378 3891 F

255 3936 283 4001 (1
309 3934 369 3984 add.
388 3951 420 3983 m.
436 3933 521 3999 post).
545 3964 579 3970 —
601 3933 641 3985 16.
666 3931 938 4001 libertuslprcpotens
956 3931 1063 3981 libertus
1081 3932 1111 3981 F.
1138 3960 1171 3967 —
1190 3929 1232 3980 21.
1259 3927 1375 3999 1111111(

254 4039 342 4073 mama
370 4024 391 4088 (1
418 4023 446 4072 ia
472 4041 519 4089 my.
545 4023 702 4089 praescripta
727 4021 772 4087 cst)
797 4022 819 4071 F
844 4029 945 4071 uetusta
970 4036 1048 4070 manu
1074 4020 1095 4069 b.
1127 4048 1158 4057 -
1185 4018 1238 4070 25..
1255 4020 1328 4069 classi
1352 4016 1378 4067 b2

254 4111 344 4163 classis
362 4112 385 4162 F
404 4112 490 4162 classis
509 4128 612 4176 quoque
629 4111 720 4161 faciem
740 4110 827 4161 intulit
846 4109 948 4158 suisa.
979 4139 1011 4144 —
1032 4108 1074 4158 27.
1100 4107 1213 4172 contepti
1231 4108 1260 4157 F.
1282 4138 1314 4144 —
1333 4106 1377 4159 ¹28.

253 4201 319 4252 artis
338 4202 361 4252 F
379 4203 409 4267 cs.
428 4203 499 4251 Ana.
519 4199 563 4253 26
582 4200 639 4250 altis
657 4200 738 4266 Nipp.

1239 4284 1270 4336 a*
