3409 4909
352 471 409 531 148
776 489 917 532 connum
938 489 1050 564 uxorin
1323 476 1359 539 (a.
1379 492 1405 525 u.
1424 472 1473 527 82¹2

352 658 428 719 ditis
442 657 537 719 rebus
553 658 686 736 accidit,
708 678 819 719 omnes
834 659 1033 738 praecipere,
1052 678 1148 719 nemo
1163 659 1280 739 exequi
1289 680 1296 736 3
1313 665 1474 738 postremo

352 754 483 817 abiectis
522 757 620 817 armis
658 756 769 834 fugam
807 762 839 818 et
870 756 1005 818 fallendi
1037 763 1121 819 artes
1152 757 1474 837 circumspectabant.

353 854 551 947 Inrumpunt
580 854 746 915 Vitelliani
775 860 807 915 et
834 861 951 917 cuncta
979 856 1135 932 sanguine
1161 855 1243 917 ferro
1269 855 1475 935 flammisque

351 950 497 1011 miscent.
536 951 635 1011 Pauci
672 951 865 1012 militarium
903 952 1063 1029 virorum,
1101 954 1184 1014 inter
1219 972 1300 1032 quos
1334 954 1475 1014 maxime

325 1060 327 1064 ’
352 1048 492 1124 insignes
520 1048 688 1109 Cornelius
717 1049 891 1126 Martialis,
921 1050 1080 1111 Aemilius
1108 1051 1275 1129 Pacensis,
1303 1051 1500 1130 Casperiust

353 1145 464 1223 Niger,
493 1145 609 1206 Didius
631 1145 767 1223 Scaeva,
794 1166 937 1225 pugnam
959 1148 1030 1208 ausi
1051 1147 1294 1209 obtruncantur.
1325 1148 1474 1210 Flavium

353 1241 509 1303 Sabinum
531 1243 688 1304 inermem
709 1263 814 1323 neque
836 1244 946 1322 fugam
968 1251 1172 1325 coeptantem
1187 1247 1434 1308 circumsistunt
1447 1252 1476 1306 et

354 1340 525 1411 Quintium
564 1342 709 1402 Atticum
748 1342 932 1420 consulem,
970 1343 1087 1404 umbra
1124 1343 1255 1404 honoris
1287 1349 1320 1405 et
1352 1348 1477 1405 suamet

353 1439 497 1499 vanitate
522 1444 755 1517 monstratum,
784 1439 872 1519 qnod
900 1439 1005 1501 edicta
1032 1441 1067 1501 in
1095 1440 1255 1520 populum
1276 1460 1336 1520 pro
1358 1442 1476 1520 Vespa-

354 1536 445 1596 siano
466 1536 653 1613 magnifioa,
675 1537 829 1615 probrosa
850 1537 1004 1599 adversus
1026 1539 1196 1599 Vitellium
1219 1538 1345 1600 iecerat.
1375 1539 1477 1600 Ceteri
1491 1545 1516 1599 lt

353 1653 410 1712 per
440 1634 545 1694 varios
577 1653 670 1695 casus
703 1635 821 1714 elapsi,
858 1635 991 1715 quidam
1023 1636 1132 1698 servili
1162 1636 1292 1714 habitu,
1326 1636 1384 1697 alii
1417 1636 1477 1697 fide

354 1732 522 1792 clientium
543 1733 681 1793 contecti
703 1738 735 1793 et
748 1733 832 1794 inter
846 1735 987 1795 sarcinas
1003 1735 1120 1812 abditi;
1142 1734 1246 1812 fuere,
1268 1735 1326 1814 qui
1342 1739 1477 1814 excepto

354 1829 602 1890 Vitellianorum
618 1830 718 1908 signo,
733 1850 799 1910 quo
813 1832 897 1893 inter
915 1852 947 1893 se
962 1832 1186 1910 noscebantur,
1201 1832 1287 1893 ultro
1302 1834 1478 1910 rogitantes

300 1929 340 1992 74
354 1926 624 2006 respondentesve
653 1927 826 1989 audaciam
853 1948 912 2008 pro
933 1930 1056 1990 latebra
1077 1930 1241 1991 haberent.
1270 1929 1478 1992 Domitianus

354 2027 460 2105 prima
480 2027 666 2105 inruptione
687 2027 775 2105 apud
797 2026 966 2088 aedituum
987 2028 1184 2105 occultatus,
1206 2027 1351 2089 sollertia
1372 2028 1479 2089 liberti
1496 2035 1519 2088 lt

354 2124 439 2185 lineo
478 2124 599 2185 amictu
637 2125 750 2185 turbae
783 2126 1010 2187 sacricolarum
1039 2126 1199 2186 inmixtus
1230 2124 1478 2205 ignoratusque,

355 2222 442 2301 apud
470 2223 657 2283 Cornelium
685 2223 847 2301 Primum,
877 2230 1049 2303 paternum
1074 2224 1240 2299 clientem,
1269 2223 1365 2284 iuxta
1389 2224 1480 2285 Vela·

354 2321 450 2380 brum
488 2319 625 2381 delituit.
663 2322 710 2381 Ao
748 2322 892 2399 potiente
930 2340 1037 2381 rerum
1068 2325 1158 2399 patre
1189 2319 1324 2381 disiecto
1357 2320 1480 2382 aeditui

355 2418 583 2495 contubernio,
611 2417 776 2479 modicum
804 2419 959 2479 sacellum
981 2418 1054 2479 Iovi
1074 2418 1300 2479 Conservatori
1323 2437 1480 2498 aramque

355 2516 464 2595 posuit
492 2534 584 2576 casus
614 2536 688 2577 suos
716 2516 751 2576 in
778 2536 939 2577 marmore
967 2512 1153 2595 expressam
1161 2536 1168 2592 ;
1198 2534 1275 2575 mox
1304 2516 1519 2595 imperiumtl

356 2613 492 2691 adeptus
524 2613 595 2674 lovi
627 2613 761 2675 Custodi
793 2615 954 2693 templum
985 2614 1098 2691 ingens
1129 2632 1226 2693 seque
1256 2614 1292 2673 in
1325 2614 1402 2675 sinu
1430 2613 1480 2674 dei

355 2712 502 2772 sacravit.
532 2712 671 2772 Sabinus
699 2716 731 2771 et
751 2713 880 2773 Atticus
901 2713 1026 2773 onerati
1046 2712 1168 2773 catenis
1191 2716 1223 2772 et
1244 2709 1286 2771 ad
1309 2711 1480 2772 Vitellium

356 2809 445 2870 ducti
484 2829 690 2888 nequaquam
729 2810 845 2871 infesto
883 2830 1029 2871 sermone
1065 2810 1220 2887 voltuque
1253 2810 1480 2888 excipiuntur,

355 2908 582 2984 frementibus,
605 2908 662 2987 qui
682 2908 733 2969 ius
755 2907 861 2969 caedis
883 2913 915 2969 et
935 2908 1079 2987 praemia
1100 2911 1237 2968 navatae
1259 2926 1377 2985 operae
1397 2914 1481 2987 pete·

356 3005 443 3065 bant.
473 3005 621 3066 Clamore
649 3025 668 3065 a
696 3006 852 3084 proximis
882 3011 951 3067 orto
979 3005 1108 3066 sordida
1136 3024 1209 3083 pars
1230 3004 1335 3084 plebis
1357 3005 1519 3085 suppli-ll

357 3103 443 3162 cium
464 3102 575 3163 Sabini
597 3103 755 3181 exposcit,
777 3104 883 3163 minas
904 3102 1178 3181 adulationesque
1187 3102 1310 3162 miscet.
1332 3101 1482 3164 Stantem

356 3220 414 3279 pro
435 3200 587 3277 gradibus
608 3200 724 3261 Palatii
747 3200 917 3262 Vitellium
939 3206 970 3261 et
991 3219 1100 3278 preces
1115 3204 1283 3279 parantem
1299 3201 1482 3279 pervicere,

356 3304 393 3359 ut
421 3299 597 3359 absisteret.
630 3300 715 3359 Tum
742 3298 926 3358 confossum
955 3298 1258 3375 conlaceratumque
1291 3302 1322 3358 et
1355 3298 1483 3359 absciso

357 3397 461 3475 capite
482 3401 634 3456 truncum
656 3415 770 3474 corpus
792 3396 904 3456 Sabini
925 3397 959 3455 in
982 3396 1155 3457 Gemonias
1175 3394 1320 3456 trahunt.

303 3496 341 3558 75
397 3495 461 3554 Hic
490 3494 596 3555 exitus
621 3494 682 3555 viri
703 3493 792 3554 haud
814 3513 890 3554 sane
912 3492 1092 3572 spernendi.
1122 3492 1273 3571 Quinque
1296 3497 1327 3554 et
1348 3494 1519 3572 trigintaa

356 3687 516 3695 ———

392 3862 416 3913 3.
445 3823 551 3926 signiae
569 3861 599 3910 F.
629 3891 661 3897 -
682 3862 706 3912 5.
734 3859 843 3925 insignis
862 3860 891 3910 F.
922 3890 955 3897 —
975 3860 999 3912 8.
1029 3869 1074 3910 sua
1092 3867 1117 3911 et
1137 3860 1166 3911 F.
1199 3889 1229 3897 —
1253 3859 1485 3912 11.fidsF¹.-

358 3949 398 4001 12.
418 3951 527 4000 contecti
546 3950 568 3999 F
587 3949 695 4015 protecti
713 3948 793 4015 Nipp.
815 3978 839 3985 -
870 3947 910 4000 13.
931 3948 993 4014 [quo
1012 3948 1079 3999 inter
1098 3964 1125 3999 se
1143 3948 1323 4016 noscebantur]
1343 3949 1428 4017 Nipp.
1451 3979 1482 3989 -

356 4091 397 4142 24.
427 4090 562 4162 elnouate
587 4092 617 4142 F.
644 4121 677 4128 —-
697 4092 739 4143 25.
768 4109 784 4140 a
812 4091 881 4142 omia.
908 4091 930 4141 F
954 4121 987 4128 -
1007 4089 1049 4141 27.
1078 4052 1184 4155 perinte
1203 4090 1233 4141 F.
1263 4119 1296 4127 —
1314 4089 1360 4143 28.
1385 4093 1482 4143 effossus

357 4185 378 4246 (s
397 4183 445 4233 dcl.
466 4185 512 4247 cst)
532 4184 562 4233 F.
584 4214 612 4220 —
636 4182 738 4234 conluce
751 4180 753 4251 l
766 4189 855 4249 ratuq5
876 4184 898 4233 F
916 4184 1108 4247 laceratumque
1126 4181 1206 4248 Nipp.
