3409 4909
300 499 326 547 p.
346 480 392 532 Ch.
413 481 458 546 69)
633 496 861 539 Hisrcsmsuu
882 478 938 539 IV.
962 477 1088 538 22-25.
1363 476 1419 540 171

301 665 430 728 inbellis
450 665 580 743 turbae3
603 666 702 726 simul
723 686 763 726 ex
784 665 896 744 inopia
913 664 1052 744 proditio
1068 670 1100 725 et
1112 664 1202 725 fluxa
1216 663 1421 725 servitiorum

300 764 378 825 fides
400 783 438 824 ac
459 763 593 825 fortuita
612 763 689 825 belli
711 763 932 842 sperabantur.

341 861 476 922 Flaccus
504 862 634 922 interim
661 861 800 939 cognito'
817 867 996 922 castrorum
1023 859 1148 921 obsidio
1176 864 1208 920 et
1235 859 1341 919 missis
1366 876 1422 937 per
1437 856 1475 916 24

302 959 440 1036 Gallias,
471 959 527 1039 qui
555 959 678 1020 auxilia
705 961 882 1036 concirent,
909 959 1009 1020 lectos
1038 960 1093 1037 (e>
1121 957 1300 1035 legionibus
1323 956 1421 1016 Dillio

265 1057 461 1135 5Voculae,
493 1057 787 1119 duoetvicensimae
815 1057 949 1135 legionis
973 1057 1093 1133 legato,
1121 1055 1235 1132 tradit,
1264 1059 1421 1133 utquam

301 1155 454 1215 maximis
469 1174 526 1234 per
540 1155 645 1234 ripam
660 1154 829 1216 itineribus
844 1153 1008 1230 celeraret,
1023 1153 1092 1231 ipse
1106 1152 1244 1213 navibus
1260 1152 1421 1230 <uectus>,

301 1253 465 1316 invalidus
494 1272 641 1332 corpore,
669 1254 793 1315 invisus
820 1252 988 1313 militibus.
1017 1252 1128 1331 Neque
1157 1252 1244 1312 enirn
1273 1250 1422 1327 ambigue

301 1352 483 1413 fremebant
509 1353 631 1412 emissas
655 1372 675 1411 e
696 1352 885 1430 Moqontieeo
899 1352 1094 1410 ‘Batavorum
1113 1350 1255 1426 cobortes,
1284 1348 1422 1409 dissimu-

303 1451 379 1510 latos
420 1449 526 1510 Ciuilis
560 1458 697 1527 conotus,
736 1449 850 1509 urbciri
880 1449 915 1508 in
944 1449 1110 1509 societatem
1142 1447 1313 1508 Germanos.
1351 1448 1423 1507 Non

251 1558 284 1612 10
302 1547 406 1607 Pn'rni
433 1547 565 1607 Antonii
591 1567 683 1625 neque
709 1547 850 1607 Muciani
878 1567 930 1624 ope
963 1545 1180 1624 Vespasianum
1205 1545 1304 1622 napis
1325 1544 1423 1604 odole-

301 1645 385 1704 oisse.
414 1645 533 1723 Aperta
560 1645 632 1705 odio
660 1664 803 1722 annoque
825 1644 935 1723 polein
957 1643 1083 1722 depelli:
1107 1642 1252 1719 j'ruudern
1272 1649 1299 1701 et
1321 1641 1423 1701 doturn

303 1742 426 1803 absarro
453 1763 539 1820 eoque
559 1742 758 1803 inevitabilia.
791 1742 915 1803 Ciuilem
935 1750 1014 1801 stare
1034 1749 1152 1816 contra,
1180 1748 1291 1800 struere
1311 1740 1422 1799 oeiern:

302 1839 514 1900 Hordeonium
540 1860 555 1901 e
581 1840 712 1901 cubiade
734 1849 761 1900 et
782 1840 886 1900 tectulo
906 1829 1022 1917 indere,
1048 1838 1197 1916 quidquid
1217 1838 1294 1897 bosti
1315 1836 1423 1898 eondu-

302 1946 360 1997 eut.
405 1938 458 1997 Tot
492 1946 629 1999 orrnotos
655 1938 893 2015 fortissimorum
922 1938 1055 1997 uirorum
1085 1956 1195 1996 necteus
1224 1935 1316 1995 unius
1345 1936 1424 1995 senis

250 2035 475 2099 invaletudine
501 2036 572 2111 repi.
603 2036 685 2107 Quin
707 2037 810 2115 potius
836 2035 991 2113 interfecto
1014 2034 1168 2113 proditore
1184 2033 1345 2111 fortunam
1364 2033 1424 2093 eir-

304 2141 452 2210 tnternque
478 2152 565 2193 suone
589 2134 669 2194 nolo
697 2134 795 2193 mnino
821 2131 1004 2193 exulcerent?
1032 2133 1094 2192 His
1121 2133 1205 2192 inter·
1232 2151 1265 2192 se
1291 2131 1424 2192 vocibus

302 2231 473 2292 instinctos
494 2230 702 2291 flammavere
722 2232 855 2310 insuper
876 2230 1003 2292 adlatae
1025 2250 1044 2290 a
1065 2230 1264 2308 Vespasiano
1285 2230 1424 2306 litterae,

304 2348 385 2407 quas
414 2328 564 2406 Flaccus,
594 2329 670 2407 quia
698 2329 852 2389 occultari
876 2328 1071 2407 nequibant,
1099 2347 1157 2406 pro
1179 2327 1327 2388 contione
1349 2326 1425 2387 reci-

304 2426 403 2503 tavit,
436 2426 643 2506 uinctosque,
672 2427 728 2506 qui
757 2427 948 2504 attulerant,
978 2426 1018 2485 ad
1047 2425 1215 2486 Vitellium
1245 2425 1341 2485 misit.
1373 2424 1424 2484 Sic
1440 2424 1477 2484 25

248 2536 285 2591 20
304 2523 459 2600 mitigatis
481 2524 598 2585 animis
620 2525 784 2602 Bonnam,
810 2524 944 2585 hiberna
965 2526 1087 2603 primae
1108 2523 1257 2601 legionis,
1279 2527 1423 2583 ventum.

305 2620 465 2682 Infensior
485 2622 552 2683 illic
573 2622 666 2683 miles
687 2622 818 2701 culpam
840 2622 941 2683 cladis
961 2622 996 2682 in
1018 2620 1243 2681 Hordeonium
1264 2619 1424 2681 vertebat:

305 2720 369 2779 eius
395 2720 479 2780 iussu
506 2720 653 2780 derectum
680 2720 820 2780 aduersus
847 2721 980 2779 Batneos
1005 2719 1113 2792 neiern,
1144 2727 1299 2796 turnqunrn
1320 2738 1340 2777 n
1360 2718 1426 2777 Mo-

307 2817 444 2895 pontieco
472 2817 597 2895 tepiones
617 2826 825 2896 sequerentur;
854 2817 984 2877 eiusdem
1000 2816 1174 2895 proditione
1194 2835 1304 2893 caesos,
1332 2816 1426 2876 nullis

305 2916 578 2995 superuenientibus
606 2916 741 2977 nuntiis.
772 2916 883 2994 Ipnotu
911 2915 981 2974 boec
1009 2914 1109 2974 ceteris
1136 2913 1307 2974 exercitibus
1334 2933 1426 2991 neque

250 3026 286 3081 25
305 3014 482 3093 imperatori
501 3035 554 3075 suo
574 3015 732 3090 nuntiari,
754 3034 821 3074 curn
841 3013 972 3073 adcursu
995 3021 1035 3072 tot
1049 3012 1278 3091 prouinciarum
1292 3010 1427 3089 ertinpui

305 3133 409 3191 repens
425 3112 559 3191 perfidia
575 3113 717 3191 potuerit.
740 3110 946 3172 Hordeonius
968 3110 1117 3189 exempla
1138 3110 1286 3171 omnium
1307 3110 1427 3170 littera-

309 3230 399 3286 rum,
421 3211 539 3290 quibus
560 3229 617 3289 per
638 3209 760 3270 Gallias
781 3208 1048 3286 Britanniamque
1065 3212 1097 3268 et
1112 3207 1289 3285 Hispanias
1305 3205 1427 3266 auxilia

310 3307 438 3385 orabat,
459 3307 614 3368 exercitui
635 3307 782 3368 recitavit
803 3306 1008 3384 instituitque
1030 3306 1207 3384 pessimum
1228 3304 1368 3380 facinuS,
1390 3308 1426 3363 ut

310 3406 467 3484 epistulae
489 3405 666 3485 aquiliferis
687 3404 849 3482 legionum
872 3404 1089 3480 traderentur;
1107 3423 1130 3483 ‚a
1151 3403 1224 3481 quis
1242 3406 1315 3461 ante
1330 3401 1427 3460 militi

254 3516 291 3569 30
310 3524 410 3585 quam
441 3505 577 3566 ducibus
607 3505 811 3583 legebantur:
843 3509 915 3565 tum
947 3523 963 3563 e
995 3502 1154 3563 seditiosis
1182 3520 1282 3561 unum
1313 3500 1427 3561 vinciri

342 3841 368 3891 4.
397 3857 411 3891 e
436 3840 504 3890 obest
527 3841 555 3889 in
573 3839 603 3889 F.
625 3869 657 3876 —-
677 3839 701 3891 6.
727 3838 837 3889 nauibus
858 3834 983 3905 (uectus)
1003 3835 1094 3885 Haase
1114 3834 1223 3899 pauidus
1241 3834 1295 3883 edd.
1315 3851 1364 3899 seq.
1394 3861 1427 3870 —

309 3931 333 3983 8.
359 3929 502 3980 fremebant
526 3928 608 3979 Rden.
630 3927 753 3994 parebant
772 3927 802 3976 F.
829 3954 862 3961 -
884 3926 924 3976 15.
951 3923 1082 3989 proditore
1100 3922 1177 3988 urelpo
1196 3921 1321 3971 traditore
1339 3920 1369 3970 F.
1394 3949 1426 3957 —

311 4018 352 4071 16.
376 4017 482 4068 homine
500 4018 530 4068 F.
557 4046 589 4053 —
609 4016 651 4070 20.
678 4017 790 4081 bonaes.
813 4014 903 4078 tosa,
932 4013 1017 4066 lb'9.4.
1043 4043 1076 4049 —
1096 4010 1138 4062 22.
1161 4011 1263 4061 derecta
1281 4010 1311 4061 F.
1333 4039 1365 4047 -
1384 4008 1427 4061 23.

307 4107 452 4173 magontito
471 4124 533 4156 corr.
552 4106 580 4156 in
599 4106 758 4170 magontiaco
778 4104 845 4170 quoe
865 4080 956 4169 tepitur
974 4109 996 4152 et
1017 4099 1111 4153 17622
1130 4100 1236 4166 reliquis
1252 4100 1311 4150 locis
1323 4116 1428 4164 mogon·
1506 4145 1510 4152 .

310 4197 384 4248 tiaco.
406 4225 438 4233 —
458 4194 500 4247 27.
521 4196 555 4262 et]
575 4212 608 4245 ex
628 4195 657 4245 F.
678 4224 711 4230 -
730 4193 772 4246 30.
793 4191 915 4243 siditicsis
935 4209 996 4242 corr.
1018 4208 1045 4240 ea·
1063 4189 1196 4240 siditionis.
