3409 4909
287 459 346 523 158
715 481 856 524 connum
877 482 988 524 raeiri
1259 468 1343 534 (au.
1364 466 1417 521 822

288 646 436 727 Illyrico,
458 653 632 727 postquam
653 650 838 727 Aegyptum
861 649 1016 710 Iudaeam
1038 650 1230 731 Syriamque
1253 658 1286 714 et
1306 654 1415 713 omnis

287 746 468 824 provincias
490 746 712 825 exercitusque
733 746 965 826 lustraverant,
989 748 1079 810 velut
1100 750 1231 828 expiato
1253 756 1414 812 terrarum

287 843 363 904 orbe
389 844 510 923 cepisse
532 843 629 904 finem
652 843 855 906 videbantur.
884 846 1046 907 Addidere
1068 847 1271 912 alacritatem
1292 850 1414 929 Vespa·

287 941 369 1001 siani
397 941 538 1020 litterae,
567 947 736 1019 tamquam
765 948 916 1005 manente
943 944 1028 1005 bello
1046 946 1210 1024 scriptae:
1240 966 1278 1007 ea
1305 947 1413 1026 prima

288 1040 392 1118 specie
413 1039 531 1117 forma3
554 1046 697 1101 ceterum
718 1046 756 1102 ut
776 1042 925 1121 princeps
946 1042 1154 1122 loquebatur,
1183 1044 1294 1105 civilia
1316 1044 1358 1106 de
1379 1056 1444 1107 seo

287 1144 319 1200 et
343 1140 389 1199 rei
410 1139 559 1217 publicae
580 1140 712 1217 egregia.
741 1140 807 1201 Nec
827 1145 957 1202 senatus
980 1140 1172 1220 obsequium
1194 1142 1320 1204 deerat:
1349 1144 1411 1223 ipsi

287 1237 473 1298 consulatus
502 1257 575 1297 cum
602 1238 675 1298 Tito
696 1237 779 1315 filio,
808 1243 958 1317 praetura
980 1239 1166 1301 Domitiano
1189 1244 1220 1300 et
1242 1242 1411 1302 consulare

252 1333 460 1413 4imperium
492 1334 717 1395 decernuntur.
749 1335 883 1395 Miserat
913 1339 945 1395 et
976 1336 1147 1397 Mucianus
1179 1337 1338 1416 epistulas
1370 1337 1411 1399 ad

286 1438 450 1510 senatum,
480 1451 562 1511 quae
590 1433 760 1493 materiam
782 1433 984 1494 sermonibus
1005 1434 1190 1513 praebuere.
1218 1435 1254 1496 Si
1270 1436 1412 1515 privatas

285 1539 368 1602 esset,
397 1551 449 1591 osor
471 1530 590 1608 publico
619 1531 806 1609 loqueretur?
832 1531 968 1594 Potuisse
994 1532 1097 1592 eodem
1123 1553 1234 1611 paucos
1257 1543 1326 1612 post
1351 1534 1411 1595 diss
1429 1539 1458 1595 10

288 1627 346 1687 loco
378 1628 537 1688 sententias
567 1627 638 1688 dici.
669 1628 743 1706 lpsu
771 1648 883 1707 qaoque
911 1628 1064 1689 insectatio
1091 1630 1125 1691 io
1160 1630 1319 1692 Vitellium
1347 1652 1411 1693 asro

285 1735 312 1785 st
352 1726 414 1785 aas
457 1725 598 1786 libertato.
640 1726 680 1785 Id
721 1746 785 1786 osro
826 1746 898 1804 erpo
938 1747 1001 1787 rem
1037 1728 1194 1806 publicam
1234 1728 1410 1807 superbum,

285 1843 358 1900 erpo
394 1823 563 1901 principem
600 1824 861 1900 contsoorsliosum,
903 1824 982 1902 quod
1019 1824 1053 1885 ia
1090 1845 1187 1886 mona
1225 1846 1283 1886 sau
1315 1826 1411 1904 ⁸faisse

286 1921 448 1999 imperium
478 1922 683 2000 donatamque
721 1922 901 1999 Vespasiano
932 1922 1076 1983 iactabat.
1115 1922 1267 1983 Ceterum
1297 1923 1411 1984 invida

289 2020 324 2080 in
355 2018 497 2096 occulto,
529 2019 674 2080 adulatio
705 2020 740 2079 in
771 2023 881 2099 aperto
913 2025 1019 2081 erant:
1051 2021 1156 2081 multo
1184 2040 1260 2081 curn
1288 2020 1410 2083 honore
1429 2030 1456 2083 15

286 2116 458 2180 verborum
486 2118 638 2178 Muciano
665 2117 880 2195 triumphalia
908 2117 947 2178 de
975 2116 1060 2179 bello
1088 2118 1209 2179 civium
1232 2118 1325 2196 data3
1355 2119 1410 2181 sed

288 2216 322 2274 in
351 2214 514 2276 Sarmatas
536 2215 699 2293 expeditio
720 2214 909 2293 fingebatur.
938 2215 1113 2277 Adduntur
1135 2216 1243 2278 Primo
1265 2218 1409 2279 Antonio

289 2312 486 2390 consularia,
508 2313 656 2374 Cornelio
677 2314 782 2374 Fusco
804 2319 835 2375 et
856 2314 949 2374 Arrio
971 2315 1057 2375 Varo
1078 2315 1239 2393 praetoria
1260 2316 1408 2393 insignia.

287 2410 365 2471 Mox
402 2410 478 2471 deos
516 2429 699 2489 respexere:
738 2411 864 2472 restitui
896 2410 1094 2491 Capitolium
1124 2412 1257 2490 placuit.
1297 2412 1409 2490 anue

288 2508 397 2569 omnia
419 2507 566 2569 Valerius
588 2508 765 2586 Asiaticus,
791 2509 904 2570 consul
925 2509 1126 2588 designatus,
1149 2510 1290 2587 censuit;
1314 2510 1408 2572 ceteri
1424 2516 1452 2570 20

287 2605 380 2667 voltu
408 2624 589 2684 manuque,
618 2606 730 2685 pauci,
760 2606 878 2685 quibus
907 2607 1081 2685 conspicua
1109 2606 1249 2685 dignitas
1277 2613 1336 2669 aut
1363 2609 1408 2668 in-

287 2703 418 2780 genium
439 2703 625 2763 adulatione
646 2704 841 2779 exercitum,
868 2705 1054 2783 compositis
1075 2705 1275 2767 orationibus
1297 2706 1408 2767 adsen-

287 2800 458 2862 tiebantur.
474 2801 538 2861 Ubi
552 2800 594 2861 ad
609 2800 801 2863 Helvidium
817 2801 977 2879 Priscum,
993 2809 1175 2881 praetorem
1189 2803 1406 2881 designatum,

286 2903 437 2976 ventum,
475 2899 635 2977 prompsit
673 2899 867 2959 sententiam
905 2905 942 2961 ut
976 2899 1187 2961 honorificam
1217 2901 1254 2961 in
1285 2900 1406 2963 bonum

286 2997 465 3075 prinoipem
474 3045 481 3075 ,
504 2997 588 3074 (ita)
603 2996 684 3056 falsa
698 2996 844 3074 aberant,
864 3001 895 3066 et
909 2997 1025 3057 studiis
1040 3003 1170 3060 senatus
1186 2997 1405 3075 attollebatur;
1421 3004 1446 3057 25

287 3095 378 3174 isque
423 3095 616 3174 praecipuus
660 3095 708 3155 illi
749 3094 817 3155 dies
857 3114 991 3172 maguae
1029 3096 1169 3157 offensae
1206 3096 1340 3159 initium
1378 3102 1406 3157 et

286 3213 422 3271 magnae
442 3193 560 3270 gloriae
582 3192 652 3253 fuit.
1202 3264 1204 3268 y

253 3299 272 3360 5
327 3292 388 3352 Res
417 3310 546 3371 poscere
567 3290 711 3368 videtur,
740 3291 895 3370 quoniam
916 3291 1034 3352 iterum
1055 3291 1090 3351 in
1110 3291 1311 3354 mentionem
1334 3292 1406 3353 inci·

286 3436 446 3444 —

322 3567 346 3619 2.
376 3514 530 3619 lustraueril
555 3568 585 3618 F.
615 3599 648 3605 —
673 3570 697 3621 6.
728 3568 751 3618 dr
775 3566 847 3638 BR}
871 3569 901 3619 F.
931 3598 963 3607 —
985 3570 1025 3621 15.
1055 3515 1111 3620 erait
1129 3569 1159 3620 F.
1190 3599 1223 3609 -
1244 3570 1285 3623 16.
1314 3571 1406 3621 ciuium

290 3657 401 3708 Waltbsr
428 3658 515 3709 ciuiliir
542 3658 572 3709 F.
604 3687 636 3695 —
667 3657 707 3709 la
737 3675 873 3723 respexere
898 3659 951 3709 cdd.
972 3676 1021 3725 seq.
1041 3657 1159 3728 respersi
1180 3658 1211 3709 F.
1241 3689 1274 3695 -
1294 3657 1338 3712 23.
1367 3658 1406 3709 ad-

286 3747 303 3796 h

287 3817 384 3867 eluidiir
402 3817 433 3868 F.
454 3847 486 3854 -
506 3816 548 3868 24.
569 3835 665 3868 novum
685 3817 828 3883 principem
848 3817 931 3868 Heba
949 3820 992 3868 sed
1010 3818 1107 3869 bonurn
1127 3819 1234 3870 breuiter
1252 3820 1347 3870 dictum
1361 3836 1406 3886 pro

287 3906 308 3956 si
333 3906 414 3957 bonus
439 3906 563 3956 extitisset
589 3907 720 3973 princeps;
745 3914 802 3973 post
826 3908 969 3973 principem
991 3908 1127 3959 editoribus
1146 3908 1270 3975 quosdam
1288 3909 1406 3960 excedisse

286 3995 412 4045 uidentur.
443 4024 474 4031 -
495 3993 537 4047 25.
568 3993 641 4063 (ita)
667 3995 732 4045 falsa
758 3995 881 4062 Aprisolo
906 3994 960 4058 <ita
985 3996 1140 4047 adulationis
1164 3996 1317 4067 expertem>
1337 3997 1405 4064 Lipa

289 4083 344 4152 <ita
371 4100 418 4149 pro
446 4101 474 4134 re
496 4084 598 4149 publica
622 4083 750 4134 decoram.
779 4083 975 4153 adulationum>
999 4085 1064 4135 falsa
1088 4084 1215 4135 Heraens.
1246 4082 1321 4155 <ita>
1346 4086 1405 4136 falsa

288 4181 449 4224 arrersantem
471 4171 498 4224 0.
520 4172 556 4223 Μ.
577 4172 716 4223 Francken.
738 4202 769 4210 —
790 4171 832 4225 28.
852 4176 870 4239 q
888 4174 983 4225 iterum
1001 4173 1024 4223 F
1043 4176 1072 4239 cs.
1092 4191 1112 4225 c.
1133 4174 1166 4226 73
1185 4174 1220 4225 io.
1241 4174 1302 4241 quia
1321 4173 1354 4226 G.
