3409 4909
312 482 349 542 16
736 495 877 538 rossam
899 494 1009 537 raerrr
1281 480 1314 547 (a.
1335 495 1361 529 u.
1381 477 1435 531 822

309 667 407 727 latius
430 668 533 726 castra
555 670 602 741 et,
628 665 655 723 si
677 668 788 725 contra
808 663 969 740 tenderet,
998 663 1136 724 exitium
1157 666 1321 739 metuens,
1343 682 1435 741 prae·

309 764 381 825 buit
408 762 570 841 plerisque
598 762 814 840 suspicionem
842 762 1065 823 conscientiae.
1094 762 1316 839 Anteposuere
1337 761 1436 822 ceteri

309 880 439 940 quoque
461 859 583 921 tribuni
604 860 872 939 centurionesque
893 860 1075 939 praesentia
1096 858 1203 919 dubiis
1225 864 1257 920 et
1277 858 1433 920 honestis,

310 960 407 1038 Isque
428 958 559 1019 habitus
581 958 766 1018 animorum
787 956 866 1035 fuit,
889 962 926 1019 ut
942 957 1121 1035 pessimum
1136 956 1261 1017 facinus
1276 956 1434 1018 auderent

310 1057 421 1135 pauci,
443 1056 553 1134 plures
574 1055 711 1133 vellent,
734 1074 846 1116 omnes
868 1059 1063 1133 paterentur.
1453 1068 1469 1121 5

256 1168 295 1228 29
350 1155 487 1231 Ignarus
515 1154 646 1214 interim
674 1152 779 1214 Galba
807 1157 839 1214 et
866 1153 964 1214 sacris
991 1153 1136 1213 intentus
1157 1151 1313 1230 fatigabat
1334 1151 1434 1212 alieni

225 1325 228 1330 .
310 1246 376 1313 iarn
397 1251 525 1330 imperii
547 1250 638 1328 deos,
667 1270 742 1311 cum
764 1250 909 1312 adfertur
928 1270 1039 1312 rumor
1059 1251 1130 1330 rapi
1150 1252 1185 1311 in
1207 1256 1312 1311 castra
1333 1251 1434 1311 incer-

310 1355 381 1411 tum
409 1369 507 1428 quem
535 1354 731 1426 senatorem,
760 1368 839 1409 mox
867 1348 1030 1409 Othonem
1058 1368 1141 1426 esse,
1170 1349 1227 1428 qui
1251 1354 1418 1427 raperetur
1425 1368 1433 1425 ;

239 1474 243 1480 ·
309 1447 410 1509 simul
430 1466 471 1507 ex
491 1451 560 1508 tota
580 1446 675 1523 urbe,
697 1451 734 1508 ut
755 1448 893 1526 quisque
914 1447 1029 1508 obvius
1048 1448 1168 1524 fuerat,
1189 1446 1246 1507 alii
1260 1446 1434 1507 formidine

310 1548 478 1623 augentes,
508 1544 642 1624 quidam
664 1546 790 1607 minora
811 1565 903 1619 vero,
931 1550 1065 1606 netum
1086 1544 1219 1624 quidem
1240 1544 1333 1605 obliti
1355 1543 1434 1604 adu·
1455 1567 1487 1621 10

309 1645 449 1705 lationis.
481 1644 585 1721 Igitur
613 1644 874 1705 consultantibus
902 1644 1026 1722 placuit
1053 1643 1263 1721 pertemptari
1284 1642 1435 1703 animum

309 1744 467 1820 cohortis,
496 1762 581 1822 quae
608 1743 643 1802 in
665 1742 790 1804 Palatio
812 1744 985 1804 stationem
1007 1742 1137 1820 agebat,
1166 1761 1225 1803 nec
1246 1760 1303 1820 per
1324 1741 1435 1819 ipsum

310 1841 465 1918 Galbam,
494 1841 585 1902 cuius
611 1841 735 1918 integra
763 1841 937 1902 auctoritas
959 1840 1135 1901 maioribus
1157 1839 1306 1900 remediis
1328 1857 1435 1899 serva·

309 1939 420 2000 batur:
450 1939 523 1999 Piso
553 1958 611 2016 pro
636 1937 789 2015 gradibus
818 1938 934 2000 domus
963 1942 1093 2001 vocatos
1120 1938 1155 1997 in
1181 1937 1269 1998 hunc
1297 1936 1435 1998 modum

310 2036 481 2097 adlocutus
502 2040 559 2096 est.
581 2035 685 2096 Sertes
705 2035 769 2096 dies
789 2036 908 2115 opiter,
930 2036 1157 2113 corrrrailitoaec‚
1180 2055 1212 2095 εα
1233 2036 1487 2114 qaeipaaras15

306 2134 426 2211 ⁴tertiari,
449 2141 475 2194 et
495 2134 555 2193 sire
575 2134 743 2211 optaredrrm
764 2135 816 2195 boc
837 2154 944 2195 acmen
964 2136 1024 2195 sire
1039 2133 1205 2194 timendam
1219 2140 1299 2209 erat,
1323 2132 1436 2193 Caesar

310 2231 443 2291 adscitas
462 2250 544 2308 serre,
566 2251 623 2308 qao
644 2231 748 2291 domas
767 2240 886 2292 bostrae
903 2240 957 2292 aet
978 2231 1023 2292 rei
1032 2230 1266 2310 publicae-sato,
1287 2231 1323 2290 ia
1336 2237 1435 2289 cestra

309 2348 405 2389 εαααα
440 2329 572 2407 positam
606 2337 662 2405 est,
700 2348 761 2388 ααα
782 2330 866 2408 ,qaia
896 2350 958 2390 meo
989 2329 1109 2389 nomiae
1141 2329 1302 2389 tristiorem
1331 2346 1436 2387 cesam

307 2446 451 2504 paream,
479 2434 513 2486 at
541 2426 594 2503 prii
621 2426 761 2487 adversas
788 2446 833 2487 res
861 2435 993 2505 expertes
1020 2448 1087 2487 carre
1111 2427 1241 2486 maxime
1262 2425 1376 2486 discurre
1396 2444 1435 2485 ae

309 2524 455 2585 secandas
482 2524 602 2601 pridem
621 2524 724 2585 msiaas
745 2524 932 2585 discriminis
953 2523 1071 2585 babere:
1096 2523 1198 2603 patris
1219 2531 1245 2583 et
1266 2532 1385 2583 senates
1407 2530 1435 2582 et
1453 2545 1490 2601 20

310 2622 408 2700 ipsias
434 2621 558 2699 imperii
577 2621 669 2681 ricem
689 2622 786 2699 dolce,
814 2621 842 2681 si
862 2622 945 2681 nobis
965 2629 1020 2681 eat
1036 2622 1136 2699 perire
1157 2622 1243 2681 bodie
1263 2639 1372 2681 necesse
1392 2627 1436 2680 est

311 2728 380 2797 aet,
411 2719 489 2798 qreod
515 2738 606 2796 aeque
632 2718 717 2797 apad
743 2718 830 2779 bonos
857 2720 1000 2779 irrisere-m
1027 2727 1083 2795 est,
1115 2718 1250 2780 occidere.
1281 2717 1436 2778 Salaciam

290 2817 442 2896 proximi
461 2824 557 2877 metris
579 2816 755 2877 babebamrrs
775 2816 964 2877 iberaentam
984 2816 1084 2877 arbem
1104 2825 1130 2877 et
1144 2836 1190 2876 res
1203 2816 1267 2876 siae
1281 2814 1435 2876 discordia

312 2915 485 2976 translatas.
514 2914 674 2974 Provisam
701 2914 862 2993 adoptione
888 2913 1059 2991 ridebatur,
1087 2921 1122 2974 et
1150 2933 1186 2973 ae
1209 2921 1278 2992 perd
1305 2911 1436 2973 Galbam

257 3044 298 3106 30
311 3013 432 3091 quidem
461 3011 532 3072 bello
563 3013 641 3072 loces
671 3020 748 3072 esset.
782 3012 875 3072 Nibil
902 3011 1050 3091 adropebo
1077 3011 1156 3071 mibi
1182 3010 1351 3072 nobilitatis
1378 3019 1435 3070 aret
1453 3038 1490 3092 25

310 3110 488 3171 raedestiae:
509 3128 601 3187 nepae
621 3110 702 3169 enim
722 3110 821 3169 relata
841 3110 988 3170 virtatem
1007 3110 1043 3169 in
1063 3109 1286 3188 coraparatioae
1308 3107 1435 3169 Othonis

311 3227 386 3287 opas
406 3215 455 3267 est.
484 3207 583 3284 Vitia,
605 3206 710 3285 peribas
730 3208 801 3268 solis
817 3207 982 3286 ploriotar,
1005 3215 1127 3267 evertere
1140 3206 1318 3285 imperium,
1340 3205 1435 3265 etiam

311 3325 378 3365 mm
408 3304 540 3364 amicam
569 3304 760 3383 imperatoris
790 3312 896 3383 eperat.
929 3303 1086 3389 Habitrme
1116 3312 1143 3364 et
1171 3303 1285 3363 incesse
1311 3321 1354 3363 αα
1380 3303 1435 3363 ille

310 3402 449 3463 muliebri
469 3410 579 3462 ornata
598 3411 758 3463 mereretur
777 3402 963 3482 imperium?
983 3402 1163 3480 Fallaatrrr,
1186 3400 1290 3479 quirem-s
1312 3400 1435 3461 lameria

310 3500 405 3579 specie
436 3500 628 3561 liberalitatis
658 3500 797 3579 inpertit:
824 3488 949 3579 perdere
978 3500 1033 3560 iste
1062 3499 1146 3577 sciet,
1179 3499 1291 3559 donare
1317 3496 1491 3584 nesciet-30

312 3597 426 3676 Strrpra
453 3617 533 3659 αααε
560 3606 587 3658 et
607 3598 812 3658 coraisatimes
832 3605 859 3671 et
876 3597 1065 3675 semiramem
1086 3604 1181 3657 caetris
1201 3596 1291 3657 voluit
1308 3596 1435 3655 -am'mos

313 3694 383 3755 baec
416 3696 611 3774 principales
638 3696 779 3773 praemia
806 3702 913 3773 petat,
953 3713 1079 3771 errorem
1110 3692 1201 3753 libido
1233 3713 1268 3753 ec
1297 3692 1436 3771 eclrrptas

348 3922 373 3972 7.
392 3920 522 3986 incertuq3
542 3926 694 3971 senatorem.
715 3920 801 3971 -17,
820 3919 873 3969 lato
884 3918 1104 3969 Pateolcrrraslatu
1114 3915 1157 3967 Fl.
1178 3948 1211 3955 —
1225 3915 1265 3968 19.
1279 3933 1334 3967 rem
1343 3914 1385 3966 Fl.
1401 3945 1435 3954 -

313 4039 346 4049 -
365 4009 461 4060 discam
480 4009 637 4060 l'reimleim
655 4008 738 4059 dicam
758 4009 787 4059 F.
809 4039 842 4045 -
861 4006 905 4060 23.
924 4007 1059 4058 incruenta
1077 4004 1113 4057 Fl
1136 4037 1168 4043 —
1188 4005 1230 4058 29.
1252 4012 1394 4057 mercretur
1413 4007 1436 4057 F

312 4107 426 4150 meretur
450 4098 594 4150 Acidaliae.
621 4128 654 4136 -
680 4097 721 4151 30.
748 4097 831 4164 specie
856 4096 939 4148 Rlerr.
966 4096 1048 4162 specii
1072 4096 1102 4147 F.
1128 4126 1162 4134 -
1188 4096 1229 4148 31.
1255 4094 1436 4147 comisationes

311 4188 401 4255 scripsi
419 4191 448 4255 cs.
467 4188 526 4238 lad.
545 4187 741 4238 comessationes
760 4186 790 4237 F.
