3409 4909
350 440 408 499 110
773 459 913 501 connum
935 459 1047 503 raom
1146 461 1149 468 ’
1319 448 1353 517 (a
1373 464 1399 499 u.
1419 446 1474 501 228

348 625 473 704 placere
498 625 620 687 Galbae
642 626 843 705 principatus
865 632 897 688 et
918 634 1024 708 partes
1046 630 1237 692 revirescere
1258 631 1473 694 crederentur.

314 722 333 781 8
388 723 580 793 Quaesitum
601 724 693 803 inde,
715 744 798 804 quae
820 725 911 787 sedes
931 725 1017 787 bello
1035 727 1201 804 legeretur.
1225 729 1353 790 Verona
1367 729 1476 808 potior

348 821 433 898 visa,
461 822 647 900 patentibus
669 823 791 884 circum
813 824 936 903 campis
958 824 1000 884 ad
1021 844 1165 903 pugnam
1187 831 1385 905 equestrem,
1409 847 1475 907 qua

347 919 592 998 praevalebant;
615 920 714 981 simul
734 920 896 981 coloniam
918 922 1019 1000 copiis
1038 922 1184 983 validam
1198 923 1323 985 auferre
1339 925 1473 986 Vitellio

347 1016 382 1076 in
402 1036 471 1077 rem
491 1016 677 1097 famamque
699 1018 878 1080 videbatur.
905 1020 1054 1081 Possessa
1075 1020 1146 1099 ipso
1167 1022 1307 1084 transitu
1328 1023 1457 1085 Vicetia
1464 1043 1472 1101 3
1491 1040 1505 1092 5

348 1114 436 1193 quod
456 1135 514 1194 per
533 1136 565 1176 se
587 1136 726 1195 parvum
741 1117 876 1195 (etenim
893 1117 1037 1179 modicae
1053 1119 1232 1199 municipio
1248 1120 1347 1199 vires)
1363 1122 1473 1199 magni

347 1213 505 1273 momenti
525 1212 634 1274 locum
655 1213 798 1275 obtinuit
815 1215 1041 1293 reputantibus
1055 1216 1123 1277 illic
1138 1216 1311 1278 Caecinam
1325 1219 1473 1295 genitum

347 1316 379 1372 et
399 1312 539 1391 patriam
560 1312 705 1374 hostium
727 1313 802 1374 duci
823 1318 976 1392 ereptam.
1006 1314 1047 1375 In
1068 1315 1308 1376 Veronensibus
1329 1317 1473 1395 pretium

348 1407 424 1469 fuit:
442 1410 592 1489 exemplo
607 1410 787 1490 opibusque
801 1417 909 1490 partes
923 1412 1032 1473 iuvere
1040 1432 1047 1489 ;
1064 1416 1096 1472 et
1110 1412 1296 1473 interiectus
1311 1413 1472 1474 exercitus

348 1507 495 1568 Raetiam
526 1508 692 1587 Iuliasque
724 1509 838 1587 Alpes,
871 1528 908 1569 ac
940 1528 980 1570 ne
1007 1510 1156 1588 pervium
1184 1509 1242 1569 illa
1270 1510 1472 1571 Germanicis
1490 1528 1518 1581 10

347 1605 540 1666 exercitibus
568 1605 664 1683 foret,
694 1605 907 1685 obsaepserat.
938 1607 1028 1678 Quae
1054 1607 1166 1683 ignara
1192 1607 1394 1687 Vespasiano
1417 1613 1473 1669 aut

347 1703 462 1763 vetita:
476 1703 606 1783 quippe
627 1704 796 1782 Aquileiae
814 1703 883 1764 sisti
899 1704 1022 1765 bellum
1037 1704 1264 1783 expectarique
1279 1704 1473 1766 Mucianum

347 1799 494 1877 iubebat,
516 1800 739 1880 adiciebatque
759 1802 896 1880 imperio
919 1802 1107 1879 consilium,
1134 1801 1264 1881 quando
1286 1804 1471 1882 Aegyptus,

348 1898 487 1959 claustra
508 1918 672 1976 annonae,
695 1899 865 1977 vectigalia
885 1900 1207 1978 opulentissimarum
1229 1900 1472 1979 provinciarum

347 1995 583 2075 obtinerentur,
608 2016 701 2076 posse
723 1997 846 2059 Vitellii
868 1998 1045 2058 exercitum
1068 2002 1208 2075 egestate
1230 1997 1386 2077 stipendii
1408 1998 1471 2060 1111-
1487 2015 1512 2069 15

347 2095 513 2173 mentique
543 2094 586 2155 ad
617 2094 814 2156 deditionem
846 2095 960 2173 subigi.
993 2094 1117 2155 Eadem
1149 2094 1322 2156 Mucianus
1354 2096 1471 2158 crebris

348 2191 495 2271 epistulis
526 2184 697 2269 monebat,
728 2192 932 2254 incruentam
964 2197 995 2253 et
1027 2193 1096 2253 sine
1124 2192 1216 2253 luctu
1242 2193 1414 2255 victoriam
1442 2199 1472 2255 et

348 2288 411 2348 alia
449 2288 673 2350 huiuscemodi
711 2290 946 2369 praetexendO,
986 2290 1042 2351 sed
1076 2290 1195 2367 gloriae
1227 2290 1343 2352 avidus
1376 2297 1471 2371 atque

348 2406 443 2447 omne
471 2386 548 2448 belli
576 2388 673 2449 decus
695 2388 757 2448 sibi
778 2387 929 2448 retinens.
959 2388 1110 2449 Ceterum
1131 2407 1172 2448 ex
1192 2387 1391 2451 distantibus
1413 2396 1471 2451 ter-

348 2504 458 2544 rarum
479 2486 592 2564 spatiis
613 2485 748 2546 consilia
769 2490 843 2564 post
863 2505 912 2546 res
935 2485 1170 2547 adferebantur.
1485 2503 1515 2557 20

314 2584 333 2643 9
388 2582 491 2659 Igitur
516 2582 684 2661 repentino
705 2582 836 2643 incursu
859 2583 1020 2645 Antonius
1042 2584 1196 2645 stationes
1218 2583 1364 2645 hostium
1386 2586 1472 2646 inru-

348 2680 412 2757 pit,
440 2680 671 2758 temptatisque
699 2679 763 2740 levi
792 2680 914 2759 proelio
942 2681 1059 2741 animis
1089 2701 1129 2742 ex
1156 2700 1259 2760 aequo
1281 2681 1470 2744 discessum.

348 2777 427 2838 Mox
448 2778 585 2839 Caecina
605 2778 689 2839 inter
710 2778 903 2855 Hostiliam,
926 2779 1036 2839 vicum
1058 2780 1310 2858 Veronensium,
1333 2785 1365 2841 et
1380 2781 1472 2860 palu-

348 2874 404 2935 des
425 2876 550 2936 Tartari
570 2874 715 2935 fluminis
737 2880 842 2935 castra
863 2876 1055 2954 permuniit,
1077 2880 1167 2937 tutus
1183 2876 1270 2954 loce,
1292 2896 1368 2938 cum
1384 2883 1472 2956 terga

347 2972 497 3051 flumine,
519 2974 620 3034 latera
641 2973 768 3034 obiectu
790 2973 919 3051 paludis
941 2979 1131 3051 tegerentur.
1154 2974 1250 3045 Quod
1271 2975 1298 3035 si
1314 2974 1471 3039 adfuisset
1487 2994 1518 3049 25

347 3070 442 3149 fides,
480 3075 538 3131 aut
576 3071 716 3149 opprimi
755 3071 914 3133 universis
950 3072 1199 3133 Vitellianorum
1230 3072 1356 3135 viribus
1388 3074 1471 3136 duae
1499 3086 1501 3090 “

347 3168 503 3246 legiones,
529 3168 677 3229 nondum
698 3169 871 3230 coniuncto
892 3168 1033 3230 Moesico
1055 3170 1213 3247 exercitu,
1243 3174 1393 3249 potuere,
1416 3176 1473 3233 aut

347 3271 431 3328 retro
460 3271 552 3327 actae
581 3265 706 3328 deserta
734 3267 831 3328 Italia
857 3272 985 3346 turpem
1007 3267 1117 3344 fugam
1138 3267 1380 3331 conscivissent
1410 3267 1473 3330 sed

347 3364 485 3425 Caecina
513 3384 570 3443 per
597 3364 702 3425 varias
731 3384 837 3426 moras
864 3365 969 3444 prima
990 3364 1138 3425 hostibus
1159 3363 1304 3443 prodidit
1323 3369 1473 3445 tempora

294 3530 296 3534 ,
346 3462 439 3540 belli,
472 3462 569 3540 dum,
601 3481 682 3541 quos
714 3462 811 3523 armis
843 3462 962 3542 pellere
989 3469 1178 3541 promptum
1206 3466 1290 3541 erat,
1323 3462 1472 3542 epistulis
1488 3485 1520 3539 30

347 3561 507 3639 increpat,
530 3561 632 3621 donec
653 3580 710 3638 per
730 3560 863 3621 nuntios
884 3565 979 3639 pacta
993 3558 1147 3639 perfidiae
1161 3559 1312 3620 firmaret.
1334 3560 1472 3621 Interim

348 3660 495 3738 Aponius
516 3659 710 3720 Saturninus
732 3678 806 3719 cum
827 3658 952 3736 legione
973 3658 1113 3737 septima
1127 3657 1307 3719 Claudiana
1322 3658 1470 3721 advenit:

383 3979 407 4031 t.
432 3995 544 4043 parvum
563 3977 645 4028 Halm
663 3995 755 4044 parum
775 3979 806 4029 F.
837 4008 869 4017 —
889 3979 913 4031 9.
934 3979 1083 4030 intertectus
1101 3979 1132 4029 F.
1153 4008 1186 4017 —
1208 3978 1248 4033 10.
1268 3978 1323 4045 ptis
1342 3980 1364 4030 F
1386 3977 1470 4051 (iter)

347 4083 393 4132 per
416 4066 538 4117 Raetiam
557 4066 684 4118 Heracus.
711 4097 744 4104 -
765 4066 813 4134 [ac]
834 4066 947 4134 Lipsius.
975 4099 1004 4106 -
1027 4066 1069 4120 20.
1095 4068 1202 4119 consilia
1220 4068 1299 4134 p'tres
1318 4069 1349 4119 F.
1375 4099 1409 4107 -
1428 4068 1470 4122 23.

346 4156 428 4206 hostia
446 4156 477 4206 F.
498 4184 530 4192 -
550 4154 592 4206 24.
612 4155 707 4206 sartari
725 4156 755 4206 F.
