3409 4909
781 424 839 485 239

664 667 759 710 Fossa
781 666 958 710 DRUSIANA.

290 838 332 898 ib.
361 856 386 897 c.
416 837 443 897 8.
476 836 613 916 Iamque
642 836 752 897 classis
773 836 964 913 advenerat,
994 854 1068 896 cum
1090 835 1266 915 praemisso
1288 855 1372 897 com-

250 940 359 995 meatu
388 940 420 995 et
450 933 630 995 distributis
659 934 693 994 in
721 933 861 1011 legiones
892 953 928 994 ac
951 933 1054 993 socios
1076 932 1214 994 navibus
1235 932 1371 1009 fossam,

249 1032 302 1094 cui
317 1032 497 1093 Drusianae
512 1051 646 1110 nornen,
667 1032 828 1109 ingressus
844 1037 1057 1111 precatusque
1073 1031 1215 1092 Drusum
1230 1036 1371 1110 patrem,

250 1137 287 1191 ut
308 1149 341 1190 se
363 1128 476 1191 eadem
497 1148 613 1190 ausum
635 1129 738 1191 libens
759 1130 972 1209 placatusque
994 1130 1143 1208 exemplo
1164 1148 1201 1190 ac
1217 1129 1373 1189 memoria

250 1228 459 1289 consiliorum
488 1232 584 1307 atque
614 1247 748 1306 operum
772 1227 915 1304 iuvaret,
943 1226 1033 1287 lacus
1056 1226 1131 1287 inde
1152 1233 1184 1288 et
1206 1226 1370 1288 Oceanum

251 1343 353 1403 usque
381 1324 422 1385 ad
451 1324 609 1384 Amisiam
637 1324 760 1385 fiumen
782 1323 925 1385 secunda
945 1323 1152 1400 nauigatione
1174 1322 1371 1402 peruehitur.

251 1422 370 1483 Classis
392 1422 535 1483 Amisiae
557 1423 650 1501 <ore>
671 1421 783 1483 relicta
803 1422 898 1483 laeuo
919 1441 1027 1499 amne;
1050 1426 1257 1500 erratumque
1272 1422 1306 1482 in
1320 1441 1372 1499 eo,

251 1520 339 1600 quod
360 1539 426 1581 non
446 1519 598 1582 subvexit
619 1522 689 1599 (et)
711 1520 911 1600 transposuit
927 1520 1065 1581 militem
1081 1518 1210 1580 dextras
1224 1520 1258 1579 in
1273 1524 1372 1580 terras

251 1618 389 1679 iturum:
420 1618 468 1679 ita
499 1618 606 1697 plures
639 1619 707 1679 dies
738 1618 915 1679 efficiendis
947 1617 1100 1697 pontibus
1129 1616 1309 1696 absumpti,
1341 1622 1374 1677 et

251 1734 348 1795 eques
374 1715 506 1794 quidem
532 1736 569 1776 ac
596 1716 736 1793 legiones
764 1716 870 1795 prima
894 1715 1070 1791 aestuaria,
1097 1714 1245 1775 nondum
1266 1713 1372 1774 adcre-

251 1823 358 1875 scente
399 1812 503 1891 unda,
541 1813 693 1893 intrepidi
731 1814 901 1890 transiere3
942 1818 1140 1891 postremum
1175 1812 1372 1873 auxiliorum

252 1931 367 1988 agmen
388 1911 567 1989 Batavique
588 1911 622 1971 in
643 1916 733 1990 parte
754 1930 808 1988 ea,
830 1910 911 1971 dum
925 1910 1084 1971 insultant
1099 1910 1191 1989 aquis
1206 1914 1372 1987 artemque

252 2009 350 2070 nandi
372 2014 551 2087 ostentant,
573 2008 694 2070 turbati
716 2013 747 2069 et
767 2008 903 2088 quidam
924 2008 1033 2069 hausti
1055 2013 1140 2068 sunt.

766 2231 860 2273 neSA.

293 2400 416 2461 Caesar.
438 2400 473 2461 B.
496 2400 533 2461 G.
555 2401 612 2461 IV.
637 2401 682 2461 lO.
706 2400 797 2462 Mosa
819 2400 952 2479 profluit
973 2397 1020 2460 ei(
1029 2404 1138 2459 monte
1155 2398 1294 2475 Vosego,
1317 2398 1373 2477 qui

252 2503 300 2559 est
320 2497 355 2557 in
375 2496 494 2558 finibus
515 2498 713 2576 Lingonum,
735 2504 766 2559 et
784 2503 875 2576 parte
889 2496 1032 2577 quadam
1047 2516 1087 2557 ex
1102 2496 1214 2556 Rheno
1231 2500 1372 2574 recepta,

253 2615 335 2674 quae
362 2594 544 2675 appellatur
574 2595 728 2674 Vacalus,
757 2596 899 2657 insulam
928 2595 1026 2656 efficit
1049 2595 1246 2655 Batavorum
1269 2612 1373 2672 neque

251 2694 378 2770 longius
400 2693 475 2754 inde
497 2694 629 2755 milibus
650 2713 805 2772 passuum
827 2693 952 2754 LXXX
973 2693 1007 2752 in
1030 2692 1195 2754 Oceanum
1217 2690 1325 2751 influit
1336 2693 1372 2768 1).

445 2908 562 2950 l‘OPULI
584 2908 704 2966 RHENI,
727 2908 848 2966 riosAE,
871 2906 1003 2948 SCALDIS
1025 2904 1182 2948 ACCOLAE.

293 3058 427 3120 Plinius
450 3059 492 3120 H.
515 3060 552 3119 N.
576 3060 632 3119 IV.
656 3059 721 3119 101.
744 3059 784 3118 In
806 3059 920 3119 Rheno
942 3063 1051 3119 autern
1073 3058 1161 3137 ips0,
1183 3078 1283 3137 prope
1305 3058 1373 3118 cin

254 3153 505 3233 longitudinem,
544 3156 745 3217 nobilissima
779 3156 978 3217 Batavorum
1009 3155 1117 3216 insula
1147 3161 1179 3216 et
1210 3156 1374 3216 Cannene-

253 3252 384 3331 fatium,
413 3260 446 3315 et
467 3254 549 3315 aliae
571 3255 763 3329 Frisiorum,
792 3253 1014 3329 Chaucorum,
1037 3253 1279 3330 Frisiavonum,
1302 3252 1374 3313 Stu-

252 3350 390 3427 riorum,
422 3351 655 3412 Marsaciorum
686 3370 768 3429 quac
801 3356 989 3412 sternuntur
1019 3352 1103 3411 inter
1135 3351 1305 3411 Helinium
1337 3369 1374 3410 ac

253 3447 399 3510 Flevum.
431 3450 477 3510 ita
508 3449 714 3528 appellantur
745 3449 827 3509 ostia
858 3449 892 3508 in
925 3468 1007 3527 quae
1038 3447 1158 3508 effusus
1191 3447 1323 3509 Rhenus
1355 3467 1374 3507 a

252 3547 471 3624 septentrione
501 3548 534 3607 in
566 3547 672 3624 lacus,
704 3545 745 3607 ab
773 3546 938 3608 occidente
966 3547 1000 3606 in
1027 3564 1157 3606 amnem
1186 3546 1310 3605 Mosam
1341 3562 1373 3604 se

253 3643 390 3722 spargit,
412 3643 519 3705 medio
537 3644 620 3704 inter
635 3643 714 3704 haec
728 3662 782 3704 ore
796 3643 962 3704 modicum
978 3643 1101 3704 nomini
1116 3662 1174 3703 suo
1190 3641 1373 3703 custodiens

253 3738 393 3800 alveum.

289 3952 311 4017 1)
347 3953 406 4004 libri
432 3970 489 4004 mss.
515 3953 653 4018 praebent:
678 3954 841 4019 insulamque
865 3954 944 4004 efficit
969 3954 1128 4004 Batavorum
1147 3952 1173 4002 in
1193 3968 1317 4002 oceanum
1335 3950 1373 4000 in-

251 4041 323 4105 ssuit,
352 4059 437 4108 neque
463 4041 565 4106 longius
593 4042 625 4092 ab
653 4042 756 4092 Oceano
784 4041 887 4091 milibus
915 4058 1035 4107 passuum
1064 4040 1169 4091 LXXX
1196 4041 1223 4090 in
1253 4040 1374 4090 Rhenum

252 4130 345 4181 innuit.
