<?xml version="1.0" encoding="UTF-8"?>
<!DOCTYPE html PUBLIC "-//W3C//DTD XHTML 1.0 Transitional//EN"
    "http://www.w3.org/TR/xhtml1/DTD/xhtml1-transitional.dtd">
<html xmlns="http://www.w3.org/1999/xhtml" xml:lang="en" lang="en">
 <head>
  <title>
</title>
<meta http-equiv="Content-Type" content="text/html;charset=utf-8" />
  <meta name='ocr-system' content='tesseract 3.04.00' />
  <meta name='ocr-capabilities' content='ocr_page ocr_carea ocr_par ocr_line ocrx_word'/>
</head>
<body>
  <div class='ocr_page' id='page_1' title='image "./historiaecumfra00vliegoog_0237.png"; bbox 0 0 3409 4909; ppageno 0'>
   <div class='ocr_carea' id='block_1_1' title="bbox 309 466 1433 536">
    <p class='ocr_par' dir='ltr' id='par_1_1' title="bbox 309 466 1433 536">
     <span class='ocr_line' id='line_1_1' title="bbox 309 466 1433 536; baseline 0.014 -19"><span class='ocrx_word' id='word_1_1' title='bbox 309 485 335 534; x_wconf 90' lang='lat' dir='ltr'>p.</span> <span class='ocrx_word' id='word_1_2' title='bbox 356 466 402 518; x_wconf 85' lang='lat' dir='ltr'>Ch.</span> <span class='ocrx_word' id='word_1_3' title='bbox 423 468 469 536; x_wconf 83' lang='lat'>70)</span> <span class='ocrx_word' id='word_1_4' title='bbox 651 485 879 528; x_wconf 75' lang='lat' dir='ltr'>maronianum</span> <span class='ocrx_word' id='word_1_5' title='bbox 900 469 939 529; x_wconf 91' lang='lat' dir='ltr'>V.</span> <span class='ocrx_word' id='word_1_6' title='bbox 963 469 1091 532; x_wconf 82' lang='lat'>14-17.</span> <span class='ocrx_word' id='word_1_7' title='bbox 1375 472 1433 533; x_wconf 84' lang='lat'>223</span> 
     </span>
    </p>
   </div>
   <div class='ocr_carea' id='block_1_2' title="bbox 250 653 1483 3371">
    <p class='ocr_par' dir='ltr' id='par_1_2' title="bbox 250 653 1483 3371">
     <span class='ocr_line' id='line_1_2' title="bbox 309 653 1432 733; baseline 0.005 -19"><span class='ocrx_word' id='word_1_8' title='bbox 309 653 419 732; x_wconf 88' lang='lat' dir='ltr'>explet</span> <span class='ocrx_word' id='word_1_9' title='bbox 426 673 434 731; x_wconf 78' lang='lat'><em>3</em></span> <span class='ocrx_word' id='word_1_10' title='bbox 463 653 667 714; x_wconf 88' lang='lat' dir='ltr'>ia&#39;secunda</span> <span class='ocrx_word' id='word_1_11' title='bbox 695 654 762 715; x_wconf 88' lang='lat' dir='ltr'>acie</span> <span class='ocrx_word' id='word_1_12' title='bbox 790 654 930 731; x_wconf 82' lang='lat' dir='ltr'>legiones</span> <span class='ocrx_word' id='word_1_13' title='bbox 952 654 1091 733; x_wconf 89' lang='lat' dir='ltr'>locatac;</span> <span class='ocrx_word' id='word_1_14' title='bbox 1119 656 1187 717; x_wconf 86' lang='lat' dir='ltr'>dux</span> <span class='ocrx_word' id='word_1_15' title='bbox 1209 658 1271 718; x_wconf 84' lang='lat' dir='ltr'>sibi</span> <span class='ocrx_word' id='word_1_16' title='bbox 1292 658 1432 720; x_wconf 87' lang='lat' dir='ltr'>delectos</span> 
     </span>
     <span class='ocr_line' id='line_1_3' title="bbox 309 749 1433 834; baseline 0.004 -22"><span class='ocrx_word' id='word_1_17' title='bbox 309 752 485 813; x_wconf 79' lang='lat' dir='ltr'>retinuerat</span> <span class='ocrx_word' id='word_1_18' title='bbox 507 749 554 809; x_wconf 89' lang='lat' dir='ltr'>ad</span> <span class='ocrx_word' id='word_1_19' title='bbox 581 750 754 829; x_wconf 86' lang='lat' dir='ltr'>inprovisa.</span> <span class='ocrx_word' id='word_1_20' title='bbox 783 752 896 814; x_wconf 86' lang='lat' dir='ltr'>Civilis</span> <span class='ocrx_word' id='word_1_21' title='bbox 924 752 1013 813; x_wconf 90' lang='lat' dir='ltr'>haud</span> <span class='ocrx_word' id='word_1_22' title='bbox 1035 760 1181 833; x_wconf 87' lang='lat' dir='ltr'>porrecto</span> <span class='ocrx_word' id='word_1_23' title='bbox 1203 757 1347 834; x_wconf 84' lang='lat' dir='ltr'>agmine,</span> <span class='ocrx_word' id='word_1_24' title='bbox 1377 756 1433 817; x_wconf 89' lang='lat' dir='ltr'>sed</span> 
     </span>
     <span class='ocr_line' id='line_1_4' title="bbox 309 848 1433 933; baseline 0.006 -24"><span class='ocrx_word' id='word_1_25' title='bbox 309 849 418 909; x_wconf 89' lang='lat' dir='ltr'>cuneis</span> <span class='ocrx_word' id='word_1_26' title='bbox 446 848 564 910; x_wconf 86' lang='lat' dir='ltr'>astitit:</span> <span class='ocrx_word' id='word_1_27' title='bbox 593 848 709 910; x_wconf 89' lang='lat' dir='ltr'>Batavi</span> <span class='ocrx_word' id='word_1_28' title='bbox 736 850 943 929; x_wconf 83' lang='lat' dir='ltr'>Gugernique</span> <span class='ocrx_word' id='word_1_29' title='bbox 970 851 1005 911; x_wconf 92' lang='lat' dir='ltr'>in</span> <span class='ocrx_word' id='word_1_30' title='bbox 1031 851 1161 930; x_wconf 87' lang='lat' dir='ltr'>dextr0;</span> <span class='ocrx_word' id='word_1_31' title='bbox 1189 853 1282 915; x_wconf 93' lang='lat' dir='ltr'>laeva</span> <span class='ocrx_word' id='word_1_32' title='bbox 1304 874 1341 915; x_wconf 89' lang='lat' dir='ltr'>ac</span> <span class='ocrx_word' id='word_1_33' title='bbox 1362 874 1433 933; x_wconf 91' lang='lat' dir='ltr'>pro·</span> 
     </span>
     <span class='ocr_line' id='line_1_5' title="bbox 308 945 1433 1026; baseline 0.004 -20"><span class='ocrx_word' id='word_1_34' title='bbox 308 946 400 1026; x_wconf 85' lang='lat' dir='ltr'>piore</span> <span class='ocrx_word' id='word_1_35' title='bbox 426 945 555 1006; x_wconf 89' lang='lat' dir='ltr'>flumini</span> <span class='ocrx_word' id='word_1_36' title='bbox 576 946 816 1007; x_wconf 81' lang='lat' dir='ltr'>Transrhenani</span> <span class='ocrx_word' id='word_1_37' title='bbox 837 953 978 1009; x_wconf 87' lang='lat' dir='ltr'>tenuere.</span> <span class='ocrx_word' id='word_1_38' title='bbox 1007 948 1201 1011; x_wconf 76' lang='lat' dir='ltr'>Exhortatio</span> <span class='ocrx_word' id='word_1_39' title='bbox 1223 950 1345 1012; x_wconf 91' lang='lat' dir='ltr'>ducum</span> <span class='ocrx_word' id='word_1_40' title='bbox 1368 971 1433 1013; x_wconf 90' lang='lat' dir='ltr'>non</span> 
     </span>
     <span class='ocr_line' id='line_1_6' title="bbox 272 1043 1433 1127; baseline 0.001 -18"><span class='ocrx_word' id='word_1_41' title='bbox 272 1058 396 1109; x_wconf 71' lang='lat' dir='ltr'>amore</span> <span class='ocrx_word' id='word_1_42' title='bbox 431 1043 591 1104; x_wconf 88' lang='lat' dir='ltr'>contionis</span> <span class='ocrx_word' id='word_1_43' title='bbox 622 1043 711 1122; x_wconf 86' lang='lat' dir='ltr'>apud</span> <span class='ocrx_word' id='word_1_44' title='bbox 741 1044 927 1123; x_wconf 87' lang='lat' dir='ltr'>universos,</span> <span class='ocrx_word' id='word_1_45' title='bbox 966 1045 1023 1106; x_wconf 85' lang='lat' dir='ltr'>sed</span> <span class='ocrx_word' id='word_1_46' title='bbox 1053 1051 1091 1107; x_wconf 90' lang='lat' dir='ltr'>ut</span> <span class='ocrx_word' id='word_1_47' title='bbox 1121 1067 1267 1127; x_wconf 84' lang='lat' dir='ltr'>quosque</span> <span class='ocrx_word' id='word_1_48' title='bbox 1300 1068 1433 1110; x_wconf 87' lang='lat' dir='ltr'>suorum</span> 
     </span>
     <span class='ocr_line' id='line_1_7' title="bbox 309 1140 1432 1224; baseline 0.005 -23"><span class='ocrx_word' id='word_1_49' title='bbox 309 1140 562 1202; x_wconf 89' lang='lat' dir='ltr'>advehebantur.</span> <span class='ocrx_word' id='word_1_50' title='bbox 599 1140 733 1201; x_wconf 87' lang='lat' dir='ltr'>Cerialis</span> <span class='ocrx_word' id='word_1_51' title='bbox 764 1145 904 1203; x_wconf 90' lang='lat' dir='ltr'>veterem</span> <span class='ocrx_word' id='word_1_52' title='bbox 936 1143 1074 1204; x_wconf 87' lang='lat' dir='ltr'>Romani</span> <span class='ocrx_word' id='word_1_53' title='bbox 1107 1145 1249 1206; x_wconf 87' lang='lat' dir='ltr'>nominis</span> <span class='ocrx_word' id='word_1_54' title='bbox 1280 1146 1432 1224; x_wconf 82' lang='lat' dir='ltr'>gloriam,</span> 
     </span>
     <span class='ocr_line' id='line_1_8' title="bbox 309 1238 1434 1321; baseline 0.004 -21"><span class='ocrx_word' id='word_1_55' title='bbox 309 1238 459 1318; x_wconf 89' lang='lat' dir='ltr'>antiquas</span> <span class='ocrx_word' id='word_1_56' title='bbox 479 1242 686 1317; x_wconf 80' lang='lat' dir='ltr'>recentesque</span> <span class='ocrx_word' id='word_1_57' title='bbox 707 1239 858 1300; x_wconf 85' lang='lat' dir='ltr'>victorias</span> <span class='ocrx_word' id='word_1_58' title='bbox 878 1240 1051 1319; x_wconf 82' lang='lat' dir='ltr'>&lt;iactare&gt;3</span> <span class='ocrx_word' id='word_1_59' title='bbox 1073 1249 1108 1301; x_wconf 85' lang='lat' dir='ltr'>et</span> <span class='ocrx_word' id='word_1_60' title='bbox 1121 1243 1275 1321; x_wconf 85' lang='lat' dir='ltr'>perfidam</span> <span class='ocrx_word' id='word_1_61' title='bbox 1289 1245 1434 1321; x_wconf 71' lang='lat' dir='ltr'>rsspaaeam</span> 
     </span>
     <span class='ocr_line' id='line_1_9' title="bbox 307 1336 1434 1421; baseline 0.006 -24"><span class='ocrx_word' id='word_1_62' title='bbox 307 1336 418 1398; x_wconf 82' lang='lat' dir='ltr'>vietam</span> <span class='ocrx_word' id='word_1_63' title='bbox 457 1337 567 1396; x_wconf 82' lang='lat' dir='ltr'>boetem</span> <span class='ocrx_word' id='word_1_64' title='bbox 601 1337 635 1397; x_wconf 84' lang='lat' dir='ltr'>e&#39;a</span> <span class='ocrx_word' id='word_1_65' title='bbox 666 1345 821 1397; x_wconf 76' lang='lat' dir='ltr'>aetermam</span> <span class='ocrx_word' id='word_1_66' title='bbox 851 1338 1029 1416; x_wconf 78' lang='lat' dir='ltr'>exciderent,</span> <span class='ocrx_word' id='word_1_67' title='bbox 1068 1341 1182 1402; x_wconf 84' lang='lat' dir='ltr'>alte&#39;oae</span> <span class='ocrx_word' id='word_1_68' title='bbox 1212 1343 1311 1419; x_wconf 71' lang='lat' dir='ltr'>mepta</span> <span class='ocrx_word' id='word_1_69' title='bbox 1342 1363 1434 1421; x_wconf 76' lang='lat' dir='ltr'>qaam</span> 
     </span>
     <span class='ocr_line' id='line_1_10' title="bbox 304 1433 1433 1518; baseline 0.007 -25"><span class='ocrx_word' id='word_1_70' title='bbox 304 1433 419 1512; x_wconf 73' lang='lat' dir='ltr'>proelio</span> <span class='ocrx_word' id='word_1_71' title='bbox 450 1454 524 1513; x_wconf 82' lang='lat' dir='ltr'>epm</span> <span class='ocrx_word' id='word_1_72' title='bbox 554 1454 619 1495; x_wconf 81' lang='lat' dir='ltr'>ease.</span> <span class='ocrx_word' id='word_1_73' title='bbox 651 1435 814 1496; x_wconf 81' lang='lat' dir='ltr'>Paam&#39;area</span> <span class='ocrx_word' id='word_1_74' title='bbox 845 1456 942 1514; x_wconf 76' lang='lat' dir='ltr'>reaper</span> <span class='ocrx_word' id='word_1_75' title='bbox 972 1456 1039 1497; x_wconf 84' lang='lat' dir='ltr'>cam</span> <span class='ocrx_word' id='word_1_76' title='bbox 1061 1437 1201 1516; x_wconf 80' lang='lat' dir='ltr'>plumbea</span> <span class='ocrx_word' id='word_1_77' title='bbox 1228 1448 1365 1518; x_wconf 75' lang='lat' dir='ltr'>certasse,</span> <span class='ocrx_word' id='word_1_78' title='bbox 1398 1461 1433 1501; x_wconf 87' lang='lat' dir='ltr'>ae</span> 
     </span>
     <span class='ocr_line' id='line_1_11' title="bbox 253 1531 1433 1616; baseline 0.007 -26"><span class='ocrx_word' id='word_1_79' title='bbox 253 1546 290 1601; x_wconf 91' lang='lat'>10</span> <span class='ocrx_word' id='word_1_80' title='bbox 310 1539 409 1591; x_wconf 87' lang='lat' dir='ltr'>tamea</span> <span class='ocrx_word' id='word_1_81' title='bbox 442 1531 528 1608; x_wconf 77' lang='lat' dir='ltr'>fasee</span> <span class='ocrx_word' id='word_1_82' title='bbox 559 1532 736 1610; x_wconf 76' lang='lat' dir='ltr'>Germanae,</span> <span class='ocrx_word' id='word_1_83' title='bbox 775 1534 855 1611; x_wconf 81' lang='lat' dir='ltr'>qaod</span> <span class='ocrx_word' id='word_1_84' title='bbox 885 1534 996 1594; x_wconf 75' lang='lat' dir='ltr'>roboris</span> <span class='ocrx_word' id='word_1_85' title='bbox 1023 1534 1141 1611; x_wconf 78' lang='lat' dir='ltr'>saerit;</span> <span class='ocrx_word' id='word_1_86' title='bbox 1180 1556 1340 1616; x_wconf 75' lang='lat' dir='ltr'>superesse,</span> <span class='ocrx_word' id='word_1_87' title='bbox 1380 1538 1433 1616; x_wconf 79' lang='lat' dir='ltr'>qai</span> 
     </span>
     <span class='ocr_line' id='line_1_12' title="bbox 304 1628 1431 1713; baseline 0.007 -25"><span class='ocrx_word' id='word_1_88' title='bbox 304 1628 416 1707; x_wconf 70' lang='lat' dir='ltr'>sepem</span> <span class='ocrx_word' id='word_1_89' title='bbox 436 1629 564 1707; x_wconf 77' lang='lat' dir='ltr'>areimis,</span> <span class='ocrx_word' id='word_1_90' title='bbox 586 1630 639 1707; x_wconf 83' lang='lat' dir='ltr'>qm&#39;</span> <span class='ocrx_word' id='word_1_91' title='bbox 658 1631 780 1691; x_wconf 85' lang='lat' dir='ltr'>colaera</span> <span class='ocrx_word' id='word_1_92' title='bbox 801 1640 880 1708; x_wconf 79' lang='lat' dir='ltr'>terpo</span> <span class='ocrx_word' id='word_1_93' title='bbox 890 1631 1005 1708; x_wconf 73' lang='lat' dir='ltr'>fereae.</span> <span class='ocrx_word' id='word_1_94' title='bbox 1028 1632 1177 1713; x_wconf 86' lang='lat' dir='ltr'>Proprias</span> <span class='ocrx_word' id='word_1_95' title='bbox 1192 1634 1267 1695; x_wconf 91' lang='lat' dir='ltr'>inde</span> <span class='ocrx_word' id='word_1_96' title='bbox 1282 1635 1431 1697; x_wconf 89' lang='lat' dir='ltr'>stimulos</span> 
     </span>
     <span class='ocr_line' id='line_1_13' title="bbox 307 1724 1432 1810; baseline 0.009 -26"><span class='ocrx_word' id='word_1_97' title='bbox 307 1724 487 1802; x_wconf 87' lang='lat' dir='ltr'>legionibus</span> <span class='ocrx_word' id='word_1_98' title='bbox 517 1727 728 1804; x_wconf 85' lang='lat' dir='ltr'>admovebat,</span> <span class='ocrx_word' id='word_1_99' title='bbox 760 1727 934 1789; x_wconf 88' lang='lat' dir='ltr'>domitores</span> <span class='ocrx_word' id='word_1_100' title='bbox 963 1728 1149 1791; x_wconf 85' lang='lat' dir='ltr'>Britanniae</span> <span class='ocrx_word' id='word_1_101' title='bbox 1177 1732 1432 1810; x_wconf 86' lang='lat' dir='ltr'>quartadecima-</span> 
     </span>
     <span class='ocr_line' id='line_1_14' title="bbox 307 1823 1433 1907; baseline 0.007 -24"><span class='ocrx_word' id='word_1_102' title='bbox 307 1842 366 1884; x_wconf 92' lang='lat' dir='ltr'>nos</span> <span class='ocrx_word' id='word_1_103' title='bbox 398 1823 581 1902; x_wconf 88' lang='lat' dir='ltr'>appellans;</span> <span class='ocrx_word' id='word_1_104' title='bbox 608 1824 780 1903; x_wconf 77' lang='lat' dir='ltr'>principem</span> <span class='ocrx_word' id='word_1_105' title='bbox 812 1825 942 1886; x_wconf 77' lang='lat' dir='ltr'>Galbam</span> <span class='ocrx_word' id='word_1_106' title='bbox 971 1835 1067 1887; x_wconf 83' lang='lat' dir='ltr'>aeetae</span> <span class='ocrx_word' id='word_1_107' title='bbox 1100 1828 1223 1907; x_wconf 77' lang='lat' dir='ltr'>lepiom&#39;e</span> <span class='ocrx_word' id='word_1_108' title='bbox 1254 1831 1433 1891; x_wconf 76' lang='lat' dir='ltr'>erectoritate</span> 
     </span>
     <span class='ocr_line' id='line_1_15' title="bbox 303 1921 1433 2007; baseline 0.007 -27"><span class='ocrx_word' id='word_1_109' title='bbox 303 1921 443 1998; x_wconf 64' lang='lat' dir='ltr'>factam·</span> <span class='ocrx_word' id='word_1_110' title='bbox 481 1922 538 1982; x_wconf 75' lang='lat' dir='ltr'>tue</span> <span class='ocrx_word' id='word_1_111' title='bbox 565 1922 704 2000; x_wconf 76' lang='lat' dir='ltr'>primam</span> <span class='ocrx_word' id='word_1_112' title='bbox 735 1923 798 1984; x_wconf 86' lang='lat' dir='ltr'>am&#39;e</span> <span class='ocrx_word' id='word_1_113' title='bbox 828 1923 1012 1984; x_wconf 83' lang='lat' dir='ltr'>aemmdaaoe</span> <span class='ocrx_word' id='word_1_114' title='bbox 1042 1943 1119 1985; x_wconf 85' lang='lat' dir='ltr'>acea</span> <span class='ocrx_word' id='word_1_115' title='bbox 1151 1926 1239 2006; x_wconf 81' lang='lat' dir='ltr'>eipaa</span> <span class='ocrx_word' id='word_1_116' title='bbox 1268 1947 1433 2007; x_wconf 78' lang='lat' dir='ltr'>uocemque</span> 
     </span>
     <span class='ocr_line' id='line_1_16' title="bbox 252 2019 1433 2100; baseline 0.006 -22"><span class='ocrx_word' id='word_1_117' title='bbox 252 2035 289 2087; x_wconf 78' lang='lat'>15</span> <span class='ocrx_word' id='word_1_118' title='bbox 307 2019 445 2097; x_wconf 81' lang='lat' dir='ltr'>aqm’lam</span> <span class='ocrx_word' id='word_1_119' title='bbox 463 2020 622 2081; x_wconf 77' lang='lat' dir='ltr'>dicaturve.</span> <span class='ocrx_word' id='word_1_120' title='bbox 644 2021 733 2081; x_wconf 90' lang='lat' dir='ltr'>Hinc</span> <span class='ocrx_word' id='word_1_121' title='bbox 747 2026 936 2100; x_wconf 88' lang='lat' dir='ltr'>praevectus</span> <span class='ocrx_word' id='word_1_122' title='bbox 951 2022 992 2082; x_wconf 90' lang='lat' dir='ltr'>ad</span> <span class='ocrx_word' id='word_1_123' title='bbox 1009 2022 1239 2085; x_wconf 88' lang='lat' dir='ltr'>Germanicum</span> <span class='ocrx_word' id='word_1_124' title='bbox 1254 2026 1433 2087; x_wconf 88' lang='lat' dir='ltr'>exercitum</span> 
     </span>
     <span class='ocr_line' id='line_1_17' title="bbox 307 2118 1432 2199; baseline 0.005 -22"><span class='ocrx_word' id='word_1_125' title='bbox 307 2136 424 2178; x_wconf 87' lang='lat' dir='ltr'>manus</span> <span class='ocrx_word' id='word_1_126' title='bbox 438 2118 606 2193; x_wconf 87' lang='lat' dir='ltr'>tendebat,</span> <span class='ocrx_word' id='word_1_127' title='bbox 625 2124 663 2179; x_wconf 92' lang='lat' dir='ltr'>ut</span> <span class='ocrx_word' id='word_1_128' title='bbox 677 2137 771 2179; x_wconf 87' lang='lat' dir='ltr'>suam</span> <span class='ocrx_word' id='word_1_129' title='bbox 786 2119 908 2198; x_wconf 89' lang='lat' dir='ltr'>ripam,</span> <span class='ocrx_word' id='word_1_130' title='bbox 924 2139 983 2180; x_wconf 86' lang='lat' dir='ltr'>sua</span> <span class='ocrx_word' id='word_1_131' title='bbox 997 2126 1102 2182; x_wconf 88' lang='lat' dir='ltr'>castra</span> <span class='ocrx_word' id='word_1_132' title='bbox 1117 2122 1271 2199; x_wconf 86' lang='lat' dir='ltr'>sanguine</span> <span class='ocrx_word' id='word_1_133' title='bbox 1287 2124 1432 2185; x_wconf 84' lang='lat' dir='ltr'>hostiurn</span> 
     </span>
     <span class='ocr_line' id='line_1_18' title="bbox 306 2216 1432 2299; baseline 0.006 -24"><span class='ocrx_word' id='word_1_134' title='bbox 306 2221 540 2294; x_wconf 88' lang='lat' dir='ltr'>recuperarent.</span> <span class='ocrx_word' id='word_1_135' title='bbox 573 2216 717 2277; x_wconf 85' lang='lat' dir='ltr'>Alacrior</span> <span class='ocrx_word' id='word_1_136' title='bbox 744 2217 891 2277; x_wconf 89' lang='lat' dir='ltr'>omnium</span> <span class='ocrx_word' id='word_1_137' title='bbox 920 2218 1056 2296; x_wconf 87' lang='lat' dir='ltr'>clamor,</span> <span class='ocrx_word' id='word_1_138' title='bbox 1087 2219 1159 2298; x_wconf 84' lang='lat' dir='ltr'>quis</span> <span class='ocrx_word' id='word_1_139' title='bbox 1188 2220 1239 2282; x_wconf 88' lang='lat' dir='ltr'>vel</span> <span class='ocrx_word' id='word_1_140' title='bbox 1267 2241 1308 2282; x_wconf 91' lang='lat' dir='ltr'>ex</span> <span class='ocrx_word' id='word_1_141' title='bbox 1336 2221 1432 2299; x_wconf 88' lang='lat' dir='ltr'>longa</span> 
     </span>
     <span class='ocr_line' id='line_1_19' title="bbox 306 2312 1431 2398; baseline 0.006 -26"><span class='ocrx_word' id='word_1_142' title='bbox 306 2332 385 2391; x_wconf 91' lang='lat' dir='ltr'>pace</span> <span class='ocrx_word' id='word_1_143' title='bbox 410 2312 524 2391; x_wconf 87' lang='lat' dir='ltr'>proelii</span> <span class='ocrx_word' id='word_1_144' title='bbox 545 2312 663 2391; x_wconf 90' lang='lat' dir='ltr'>cupido</span> <span class='ocrx_word' id='word_1_145' title='bbox 684 2313 736 2374; x_wconf 93' lang='lat' dir='ltr'>vel</span> <span class='ocrx_word' id='word_1_146' title='bbox 757 2313 848 2374; x_wconf 86' lang='lat' dir='ltr'>fessis</span> <span class='ocrx_word' id='word_1_147' title='bbox 870 2313 955 2376; x_wconf 89' lang='lat' dir='ltr'>bello</span> <span class='ocrx_word' id='word_1_148' title='bbox 977 2315 1066 2394; x_wconf 87' lang='lat' dir='ltr'>pacis</span> <span class='ocrx_word' id='word_1_149' title='bbox 1088 2335 1195 2393; x_wconf 90' lang='lat' dir='ltr'>amor,</span> <span class='ocrx_word' id='word_1_150' title='bbox 1223 2320 1431 2398; x_wconf 89' lang='lat' dir='ltr'>praemiaque</span> 
     </span>
     <span class='ocr_line' id='line_1_20' title="bbox 307 2393 1483 2493; baseline 0.008 -24"><span class='ocrx_word' id='word_1_151' title='bbox 307 2416 339 2469; x_wconf 90' lang='lat' dir='ltr'>et</span> <span class='ocrx_word' id='word_1_152' title='bbox 366 2410 457 2489; x_wconf 89' lang='lat' dir='ltr'>quies</span> <span class='ocrx_word' id='word_1_153' title='bbox 478 2410 699 2489; x_wconf 90' lang='lat' dir='ltr'>inposterum</span> <span class='ocrx_word' id='word_1_154' title='bbox 721 2411 943 2489; x_wconf 85' lang='lat' dir='ltr'>sperabantur.</span> <span class='ocrx_word' id='word_1_155' title='bbox 972 2413 1038 2474; x_wconf 90' lang='lat' dir='ltr'>Nec</span> <span class='ocrx_word' id='word_1_156' title='bbox 1060 2393 1172 2474; x_wconf 82' lang='lat' dir='ltr'>Civilis</span> <span class='ocrx_word' id='word_1_157' title='bbox 1194 2415 1291 2476; x_wconf 86' lang='lat' dir='ltr'>silens</span> <span class='ocrx_word' id='word_1_158' title='bbox 1313 2417 1430 2478; x_wconf 84' lang='lat' dir='ltr'>instra·</span> <span class='ocrx_word' id='word_1_159' title='bbox 1446 2429 1483 2493; x_wconf 88' lang='lat'>17</span> 
     </span>
     <span class='ocr_line' id='line_1_21' title="bbox 250 2507 1431 2588; baseline 0.007 -22"><span class='ocrx_word' id='word_1_160' title='bbox 250 2507 357 2588; x_wconf 76' lang='lat' dir='ltr'>⁶20xit</span> <span class='ocrx_word' id='word_1_161' title='bbox 382 2508 499 2584; x_wconf 90' lang='lat' dir='ltr'>aciem,</span> <span class='ocrx_word' id='word_1_162' title='bbox 528 2508 636 2569; x_wconf 91' lang='lat' dir='ltr'>locum</span> <span class='ocrx_word' id='word_1_163' title='bbox 666 2527 793 2587; x_wconf 89' lang='lat' dir='ltr'>pugnae</span> <span class='ocrx_word' id='word_1_164' title='bbox 821 2513 937 2570; x_wconf 87' lang='lat' dir='ltr'>testem</span> <span class='ocrx_word' id='word_1_165' title='bbox 964 2510 1094 2571; x_wconf 88' lang='lat' dir='ltr'>virtutis</span> <span class='ocrx_word' id='word_1_166' title='bbox 1122 2511 1217 2572; x_wconf 89' lang='lat' dir='ltr'>ciens.</span> <span class='ocrx_word' id='word_1_167' title='bbox 1247 2513 1334 2573; x_wconf 83' lang='lat' dir='ltr'>Stare</span> <span class='ocrx_word' id='word_1_168' title='bbox 1361 2515 1431 2575; x_wconf 84' lang='lat' dir='ltr'>Ger-</span> 
     </span>
     <span class='ocr_line' id='line_1_22' title="bbox 305 2606 1432 2689; baseline 0.006 -25"><span class='ocrx_word' id='word_1_169' title='bbox 305 2624 411 2665; x_wconf 74' lang='lat' dir='ltr'>memoa</span> <span class='ocrx_word' id='word_1_170' title='bbox 431 2606 618 2683; x_wconf 77' lang='lat' dir='ltr'>Batavosque</span> <span class='ocrx_word' id='word_1_171' title='bbox 635 2625 724 2684; x_wconf 81' lang='lat' dir='ltr'>saper</span> <span class='ocrx_word' id='word_1_172' title='bbox 736 2607 862 2684; x_wconf 79' lang='lat' dir='ltr'>aeetipia</span> <span class='ocrx_word' id='word_1_173' title='bbox 875 2608 1005 2684; x_wconf 79' lang='lat' dir='ltr'>plamae,</span> <span class='ocrx_word' id='word_1_174' title='bbox 1028 2608 1135 2668; x_wconf 79' lang='lat' dir='ltr'>ee&#39;aeree</span> <span class='ocrx_word' id='word_1_175' title='bbox 1150 2629 1269 2687; x_wconf 78' lang='lat' dir='ltr'>ossaque</span> <span class='ocrx_word' id='word_1_176' title='bbox 1283 2612 1432 2689; x_wconf 77' lang='lat' dir='ltr'>lepiaaam</span> 
     </span>
     <span class='ocr_line' id='line_1_23' title="bbox 306 2705 1432 2787; baseline 0.004 -23"><span class='ocrx_word' id='word_1_177' title='bbox 306 2705 470 2765; x_wconf 72' lang='lat' dir='ltr'>calcantes:</span> <span class='ocrx_word' id='word_1_178' title='bbox 501 2725 681 2782; x_wconf 72' lang='lat' dir='ltr'>atrocemque</span> <span class='ocrx_word' id='word_1_179' title='bbox 708 2706 804 2765; x_wconf 79' lang='lat' dir='ltr'>oculas</span> <span class='ocrx_word' id='word_1_180' title='bbox 832 2706 989 2767; x_wconf 69' lang='lat' dir='ltr'>Romame</span> <span class='ocrx_word' id='word_1_181' title='bbox 1016 2706 1196 2784; x_wconf 70' lang='lat' dir='ltr'>detenderet,</span> <span class='ocrx_word' id='word_1_182' title='bbox 1226 2710 1432 2787; x_wconf 75' lang='lat' dir='ltr'>captivitatem</span> 
     </span>
     <span class='ocr_line' id='line_1_24' title="bbox 306 2802 1430 2879; baseline 0.006 -18"><span class='ocrx_word' id='word_1_183' title='bbox 306 2802 476 2879; x_wconf 82' lang='lat' dir='ltr'>clademque</span> <span class='ocrx_word' id='word_1_184' title='bbox 504 2811 531 2863; x_wconf 83' lang='lat' dir='ltr'>et</span> <span class='ocrx_word' id='word_1_185' title='bbox 556 2803 627 2863; x_wconf 78' lang='lat' dir='ltr'>dira</span> <span class='ocrx_word' id='word_1_186' title='bbox 648 2803 752 2863; x_wconf 66' lang='lat' dir='ltr'>aalma</span> <span class='ocrx_word' id='word_1_187' title='bbox 772 2803 928 2864; x_wconf 71' lang='lat' dir='ltr'>ebremari.</span> <span class='ocrx_word' id='word_1_188' title='bbox 956 2804 1003 2864; x_wconf 91' lang='lat' dir='ltr'>Ne</span> <span class='ocrx_word' id='word_1_189' title='bbox 1025 2811 1203 2865; x_wconf 80' lang='lat' dir='ltr'>terreremur</span> <span class='ocrx_word' id='word_1_190' title='bbox 1220 2806 1305 2865; x_wconf 81' lang='lat' dir='ltr'>cario</span> <span class='ocrx_word' id='word_1_191' title='bbox 1331 2807 1430 2868; x_wconf 82' lang='lat' dir='ltr'>Treve-</span> 
     </span>
     <span class='ocr_line' id='line_1_25' title="bbox 306 2900 1429 2981; baseline 0.006 -23"><span class='ocrx_word' id='word_1_192' title='bbox 306 2900 363 2959; x_wconf 81' lang='lat' dir='ltr'>m&#39;ei</span> <span class='ocrx_word' id='word_1_193' title='bbox 389 2901 500 2979; x_wconf 76' lang='lat' dir='ltr'>proelii</span> <span class='ocrx_word' id='word_1_194' title='bbox 530 2909 651 2961; x_wconf 83' lang='lat' dir='ltr'>eemta:</span> <span class='ocrx_word' id='word_1_195' title='bbox 682 2920 770 2960; x_wconf 84' lang='lat' dir='ltr'>seem</span> <span class='ocrx_word' id='word_1_196' title='bbox 801 2900 866 2961; x_wconf 81' lang='lat' dir='ltr'>e&#39;lle&#39;e</span> <span class='ocrx_word' id='word_1_197' title='bbox 895 2901 1052 2961; x_wconf 79' lang='lat' dir='ltr'>victoriam</span> <span class='ocrx_word' id='word_1_198' title='bbox 1086 2902 1244 2963; x_wconf 75' lang='lat' dir='ltr'>Germania</span> <span class='ocrx_word' id='word_1_199' title='bbox 1272 2904 1429 2981; x_wconf 71' lang='lat' dir='ltr'>obsedisse,</span> 
     </span>
     <span class='ocr_line' id='line_1_26' title="bbox 250 2997 1431 3077; baseline 0.004 -20"><span class='ocrx_word' id='word_1_200' title='bbox 250 3010 286 3064; x_wconf 79' lang='lat'>25</span> <span class='ocrx_word' id='word_1_201' title='bbox 306 2997 379 3057; x_wconf 83' lang='lat' dir='ltr'>dem</span> <span class='ocrx_word' id='word_1_202' title='bbox 410 2998 525 3057; x_wconf 72' lang='lat' dir='ltr'>omissis</span> <span class='ocrx_word' id='word_1_203' title='bbox 555 2998 619 3059; x_wconf 77' lang='lat' dir='ltr'>telis</span> <span class='ocrx_word' id='word_1_204' title='bbox 645 2998 766 3077; x_wconf 85' lang='lat' dir='ltr'>praeda</span> <span class='ocrx_word' id='word_1_205' title='bbox 796 3017 906 3058; x_wconf 76' lang='lat' dir='ltr'>maara</span> <span class='ocrx_word' id='word_1_206' title='bbox 937 2998 1118 3077; x_wconf 59' lang='lat' dir='ltr'>impediam·</span> <span class='ocrx_word' id='word_1_207' title='bbox 1150 3001 1200 3060; x_wconf 86' lang='lat' dir='ltr'>sed</span> <span class='ocrx_word' id='word_1_208' title='bbox 1231 3010 1337 3061; x_wconf 81' lang='lat' dir='ltr'>eaaeta</span> <span class='ocrx_word' id='word_1_209' title='bbox 1364 3022 1431 3062; x_wconf 82' lang='lat' dir='ltr'>moe</span> 
     </span>
     <span class='ocr_line' id='line_1_27' title="bbox 302 3095 1463 3192; baseline 0.005 -39"><span class='ocrx_word' id='word_1_210' title='bbox 302 3114 447 3172; x_wconf 79' lang='lat' dir='ltr'>prospera</span> <span class='ocrx_word' id='word_1_211' title='bbox 475 3104 502 3155; x_wconf 83' lang='lat' dir='ltr'>et</span> <span class='ocrx_word' id='word_1_212' title='bbox 530 3095 608 3155; x_wconf 75' lang='lat' dir='ltr'>boeti</span> <span class='ocrx_word' id='word_1_213' title='bbox 635 3097 789 3156; x_wconf 84' lang='lat' dir='ltr'>eaatrem&#39;e</span> <span class='ocrx_word' id='word_1_214' title='bbox 816 3096 950 3157; x_wconf 80' lang='lat' dir='ltr'>mameae.</span> <span class='ocrx_word' id='word_1_215' title='bbox 981 3097 1064 3169; x_wconf 73' lang='lat' dir='ltr'>Quae</span> <span class='ocrx_word' id='word_1_216' title='bbox 1081 3096 1236 3174; x_wconf 79' lang='lat' dir='ltr'>precidem</span> <span class='ocrx_word' id='word_1_217' title='bbox 1256 3107 1326 3158; x_wconf 80' lang='lat' dir='ltr'>ecte</span> <span class='ocrx_word' id='word_1_218' title='bbox 1347 3099 1431 3159; x_wconf 80' lang='lat' dir='ltr'>dacis</span> <span class='ocrx_word' id='word_1_219' title='bbox 1449 3169 1463 3192; x_wconf 28' lang='lat' dir='ltr'>N</span> 
     </span>
     <span class='ocr_line' id='line_1_28' title="bbox 307 3194 1431 3275; baseline 0.004 -24"><span class='ocrx_word' id='word_1_220' title='bbox 307 3194 484 3271; x_wconf 79' lang='lat' dir='ltr'>oportuerit,</span> <span class='ocrx_word' id='word_1_221' title='bbox 502 3194 684 3272; x_wconf 68' lang='lat' dir='ltr'>procidisse,</span> <span class='ocrx_word' id='word_1_222' title='bbox 707 3214 826 3273; x_wconf 83' lang='lat' dir='ltr'>campos</span> <span class='ocrx_word' id='word_1_223' title='bbox 845 3194 998 3255; x_wconf 78' lang='lat' dir='ltr'>eredentes</span> <span class='ocrx_word' id='word_1_224' title='bbox 1019 3203 1046 3254; x_wconf 83' lang='lat' dir='ltr'>et</span> <span class='ocrx_word' id='word_1_225' title='bbox 1066 3194 1142 3273; x_wconf 78' lang='lat' dir='ltr'>ipsis</span> <span class='ocrx_word' id='word_1_226' title='bbox 1158 3214 1282 3273; x_wconf 80' lang='lat' dir='ltr'>pamas,</span> <span class='ocrx_word' id='word_1_227' title='bbox 1300 3196 1431 3275; x_wconf 71' lang='lat' dir='ltr'>paludes</span> 
     </span>
     <span class='ocr_line' id='line_1_29' title="bbox 306 3289 1430 3371; baseline 0.004 -22"><span class='ocrx_word' id='word_1_228' title='bbox 306 3289 435 3350; x_wconf 75' lang='lat' dir='ltr'>beatitas</span> <span class='ocrx_word' id='word_1_229' title='bbox 455 3289 568 3351; x_wconf 77' lang='lat' dir='ltr'>aceiae.</span> <span class='ocrx_word' id='word_1_230' title='bbox 590 3291 730 3352; x_wconf 73' lang='lat' dir='ltr'>Rbeatam</span> <span class='ocrx_word' id='word_1_231' title='bbox 750 3300 777 3352; x_wconf 81' lang='lat' dir='ltr'>et</span> <span class='ocrx_word' id='word_1_232' title='bbox 800 3291 981 3353; x_wconf 78' lang='lat' dir='ltr'>Germaniae</span> <span class='ocrx_word' id='word_1_233' title='bbox 1003 3292 1069 3352; x_wconf 81' lang='lat' dir='ltr'>deae</span> <span class='ocrx_word' id='word_1_234' title='bbox 1089 3292 1124 3352; x_wconf 83' lang='lat' dir='ltr'>e&#39;a</span> <span class='ocrx_word' id='word_1_235' title='bbox 1145 3301 1281 3371; x_wconf 73' lang='lat' dir='ltr'>aspecta:</span> <span class='ocrx_word' id='word_1_236' title='bbox 1304 3313 1430 3371; x_wconf 78' lang='lat' dir='ltr'>qaorum</span> 
     </span>
    </p>
   </div>
   <div class='ocr_carea' id='block_1_3' title="bbox 305 3492 466 3500">
    <p class='ocr_par' dir='ltr' id='par_1_3' title="bbox 305 3492 466 3500">
     <span class='ocr_line' id='line_1_30' title="bbox 305 3492 466 3500; baseline 0.006 -1"><span class='ocrx_word' id='word_1_237' title='bbox 305 3492 466 3500; x_wconf 84' lang='lat'><strong>—</strong></span> 
     </span>
    </p>
   </div>
   <div class='ocr_carea' id='block_1_4' title="bbox 304 3640 1429 4242">
    <p class='ocr_par' dir='ltr' id='par_1_4' title="bbox 304 3640 1429 4242">
     <span class='ocr_line' id='line_1_31' title="bbox 341 3640 1427 3708; baseline 0.002 -17"><span class='ocrx_word' id='word_1_238' title='bbox 341 3644 366 3692; x_wconf 71' lang='lat' dir='ltr'>l.</span> <span class='ocrx_word' id='word_1_239' title='bbox 392 3642 493 3692; x_wconf 82' lang='lat' dir='ltr'>[lumini</span> <span class='ocrx_word' id='word_1_240' title='bbox 517 3641 598 3708; x_wconf 76' lang='lat' dir='ltr'>Nipp.</span> <span class='ocrx_word' id='word_1_241' title='bbox 624 3643 738 3694; x_wconf 79' lang='lat' dir='ltr'>fluminis</span> <span class='ocrx_word' id='word_1_242' title='bbox 760 3644 791 3694; x_wconf 88' lang='lat' dir='ltr'>F.</span> <span class='ocrx_word' id='word_1_243' title='bbox 817 3674 850 3681; x_wconf 93' lang='lat'>—</span> <span class='ocrx_word' id='word_1_244' title='bbox 871 3644 894 3695; x_wconf 88' lang='lat'>6.</span> <span class='ocrx_word' id='word_1_245' title='bbox 920 3643 1024 3693; x_wconf 87' lang='lat' dir='ltr'>cerealis</span> <span class='ocrx_word' id='word_1_246' title='bbox 1043 3643 1073 3693; x_wconf 87' lang='lat' dir='ltr'>F.</span> <span class='ocrx_word' id='word_1_247' title='bbox 1101 3672 1133 3679; x_wconf 93' lang='lat'>-</span> <span class='ocrx_word' id='word_1_248' title='bbox 1153 3643 1196 3707; x_wconf 84' lang='lat' dir='ltr'>gla</span> <span class='ocrx_word' id='word_1_249' title='bbox 1214 3641 1248 3693; x_wconf 88' lang='lat' dir='ltr'>F1</span> <span class='ocrx_word' id='word_1_250' title='bbox 1267 3643 1308 3708; x_wconf 81' lang='lat' dir='ltr'>gla</span> <span class='ocrx_word' id='word_1_251' title='bbox 1327 3640 1369 3693; x_wconf 82' lang='lat' dir='ltr'>F2.</span> <span class='ocrx_word' id='word_1_252' title='bbox 1395 3671 1427 3678; x_wconf 91' lang='grc'><strong>-</strong></span> 
     </span>
     <span class='ocr_line' id='line_1_32' title="bbox 306 3729 1428 3801; baseline -0.001 -20"><span class='ocrx_word' id='word_1_253' title='bbox 306 3733 330 3782; x_wconf 84' lang='grc'>7.</span> <span class='ocrx_word' id='word_1_254' title='bbox 356 3731 477 3782; x_wconf 86' lang='lat' dir='ltr'>uictorias</span> <span class='ocrx_word' id='word_1_255' title='bbox 502 3729 634 3801; x_wconf 80' lang='lat' dir='ltr'>&lt;iactare&gt;</span> <span class='ocrx_word' id='word_1_256' title='bbox 654 3733 743 3799; x_wconf 70' lang='lat' dir='ltr'>eeripa</span> <span class='ocrx_word' id='word_1_257' title='bbox 761 3732 881 3783; x_wconf 87' lang='lat' dir='ltr'>uictorias</span> <span class='ocrx_word' id='word_1_258' title='bbox 901 3729 1099 3800; x_wconf 47' lang='lat' dir='ltr'>&lt;memorabam</span> <span class='ocrx_word' id='word_1_259' title='bbox 1119 3731 1200 3797; x_wconf 76' lang='lat' dir='ltr'>Nipp.</span> <span class='ocrx_word' id='word_1_260' title='bbox 1225 3762 1259 3768; x_wconf 94' lang='lat'><strong>—</strong></span> <span class='ocrx_word' id='word_1_261' title='bbox 1279 3731 1303 3783; x_wconf 87' lang='grc'>8.</span> <span class='ocrx_word' id='word_1_262' title='bbox 1328 3731 1428 3781; x_wconf 85' lang='lat' dir='ltr'>excide-</span> 
     </span>
     <span class='ocr_line' id='line_1_33' title="bbox 304 3819 1427 3887; baseline -0.001 -17"><span class='ocrx_word' id='word_1_263' title='bbox 304 3828 362 3871; x_wconf 91' lang='lat' dir='ltr'>rent</span> <span class='ocrx_word' id='word_1_264' title='bbox 386 3821 409 3871; x_wconf 88' lang='lat' dir='ltr'>F</span> <span class='ocrx_word' id='word_1_265' title='bbox 434 3819 601 3871; x_wconf 86' lang='lat' dir='ltr'>excinderent</span> <span class='ocrx_word' id='word_1_266' title='bbox 620 3822 734 3871; x_wconf 77' lang='lat' dir='ltr'>editores.</span> <span class='ocrx_word' id='word_1_267' title='bbox 761 3850 793 3859; x_wconf 89' lang='lat'><em>-</em></span> <span class='ocrx_word' id='word_1_268' title='bbox 815 3822 856 3873; x_wconf 88' lang='grc'>13.</span> <span class='ocrx_word' id='word_1_269' title='bbox 881 3827 954 3871; x_wconf 87' lang='lat' dir='ltr'>sexta</span> <span class='ocrx_word' id='word_1_270' title='bbox 972 3821 1003 3871; x_wconf 90' lang='lat' dir='ltr'>F.</span> <span class='ocrx_word' id='word_1_271' title='bbox 1030 3850 1063 3857; x_wconf 93' lang='lat'><em>-</em></span> <span class='ocrx_word' id='word_1_272' title='bbox 1085 3820 1125 3872; x_wconf 84' lang='lat'>15.</span> <span class='ocrx_word' id='word_1_273' title='bbox 1152 3824 1257 3887; x_wconf 79' lang='lat' dir='ltr'>pueetos</span> <span class='ocrx_word' id='word_1_274' title='bbox 1276 3821 1305 3871; x_wconf 88' lang='lat' dir='ltr'>F.</span> <span class='ocrx_word' id='word_1_275' title='bbox 1332 3850 1364 3858; x_wconf 95' lang='lat'><em>-</em></span> <span class='ocrx_word' id='word_1_276' title='bbox 1387 3820 1427 3870; x_wconf 78' lang='lat'>17.</span> 
     </span>
     <span class='ocr_line' id='line_1_34' title="bbox 304 3908 1429 3976; baseline -0.001 -17"><span class='ocrx_word' id='word_1_277' title='bbox 304 3909 413 3960; x_wconf 89' lang='lat' dir='ltr'>alacrior</span> <span class='ocrx_word' id='word_1_278' title='bbox 437 3909 460 3959; x_wconf 87' lang='lat' dir='ltr'>F</span> <span class='ocrx_word' id='word_1_279' title='bbox 487 3909 578 3960; x_wconf 87' lang='lat' dir='ltr'>alacris</span> <span class='ocrx_word' id='word_1_280' title='bbox 595 3909 676 3975; x_wconf 82' lang='lat' dir='ltr'>Nipp.</span> <span class='ocrx_word' id='word_1_281' title='bbox 696 3909 780 3960; x_wconf 88' lang='lat' dir='ltr'>alacer</span> <span class='ocrx_word' id='word_1_282' title='bbox 798 3910 929 3976; x_wconf 80' lang='lat' dir='ltr'>Aprieola.</span> <span class='ocrx_word' id='word_1_283' title='bbox 957 3938 989 3946; x_wconf 93' lang='lat'><em>-</em></span> <span class='ocrx_word' id='word_1_284' title='bbox 1012 3908 1052 3961; x_wconf 87' lang='lat'>19.</span> <span class='ocrx_word' id='word_1_285' title='bbox 1078 3908 1154 3959; x_wconf 87' lang='lat' dir='ltr'>silens</span> <span class='ocrx_word' id='word_1_286' title='bbox 1172 3909 1296 3959; x_wconf 84' lang='lat' dir='ltr'>instruxit</span> <span class='ocrx_word' id='word_1_287' title='bbox 1315 3908 1429 3959; x_wconf 77' lang='lat' dir='ltr'>Pielreaa</span> 
     </span>
     <span class='ocr_line' id='line_1_35' title="bbox 305 3996 1427 4064; baseline -0.002 -15"><span class='ocrx_word' id='word_1_288' title='bbox 305 3998 422 4049; x_wconf 87' lang='lat' dir='ltr'>silentem</span> <span class='ocrx_word' id='word_1_289' title='bbox 446 3998 541 4048; x_wconf 84' lang='lat' dir='ltr'>struxit</span> <span class='ocrx_word' id='word_1_290' title='bbox 560 3999 582 4049; x_wconf 87' lang='lat' dir='ltr'>F</span> <span class='ocrx_word' id='word_1_291' title='bbox 601 3998 705 4049; x_wconf 84' lang='lat' dir='ltr'>silenter</span> <span class='ocrx_word' id='word_1_292' title='bbox 723 3998 818 4049; x_wconf 89' lang='lat' dir='ltr'>strnxit</span> <span class='ocrx_word' id='word_1_293' title='bbox 836 3998 909 4064; x_wconf 72' lang='lat' dir='ltr'>[ripe.</span> <span class='ocrx_word' id='word_1_294' title='bbox 939 4027 971 4035; x_wconf 91' lang='lat'><em>-</em></span> <span class='ocrx_word' id='word_1_295' title='bbox 991 3996 1034 4050; x_wconf 74' lang='lat'>20.</span> <span class='ocrx_word' id='word_1_296' title='bbox 1062 3997 1145 4048; x_wconf 85' lang='lat' dir='ltr'>sciens</span> <span class='ocrx_word' id='word_1_297' title='bbox 1163 3998 1193 4048; x_wconf 88' lang='lat' dir='ltr'>F.</span> <span class='ocrx_word' id='word_1_298' title='bbox 1224 4026 1256 4034; x_wconf 95' lang='lat'>—</span> <span class='ocrx_word' id='word_1_299' title='bbox 1276 3998 1316 4063; x_wconf 82' lang='lat' dir='ltr'>gle</span> <span class='ocrx_word' id='word_1_300' title='bbox 1334 3998 1364 4048; x_wconf 90' lang='lat' dir='ltr'>F.</span> <span class='ocrx_word' id='word_1_301' title='bbox 1394 4026 1427 4034; x_wconf 98' lang='lat'>-</span> 
     </span>
     <span class='ocr_line' id='line_1_36' title="bbox 304 4082 1428 4153; baseline -0.002 -15"><span class='ocrx_word' id='word_1_302' title='bbox 304 4086 347 4140; x_wconf 84' lang='grc'>23.</span> <span class='ocrx_word' id='word_1_303' title='bbox 373 4087 438 4153; x_wconf 88' lang='lat' dir='ltr'>dyra</span> <span class='ocrx_word' id='word_1_304' title='bbox 456 4082 499 4138; x_wconf 74' lang='lat' dir='ltr'>oia</span> <span class='ocrx_word' id='word_1_305' title='bbox 516 4087 547 4138; x_wconf 91' lang='lat' dir='ltr'>F.</span> <span class='ocrx_word' id='word_1_306' title='bbox 572 4117 605 4123; x_wconf 88' lang='lat'><em>-</em></span> <span class='ocrx_word' id='word_1_307' title='bbox 625 4085 667 4137; x_wconf 80' lang='grc'>24.</span> <span class='ocrx_word' id='word_1_308' title='bbox 693 4095 786 4137; x_wconf 87' lang='lat' dir='ltr'>euentu</span> <span class='ocrx_word' id='word_1_309' title='bbox 805 4085 847 4137; x_wconf 89' lang='lat' dir='ltr'>Fl.</span> <span class='ocrx_word' id='word_1_310' title='bbox 876 4115 908 4123; x_wconf 92' lang='lat'><em>-</em></span> <span class='ocrx_word' id='word_1_311' title='bbox 927 4086 970 4140; x_wconf 88' lang='grc'>26.</span> <span class='ocrx_word' id='word_1_312' title='bbox 992 4083 1075 4137; x_wconf 74' lang='lat' dir='ltr'>ctarie</span> <span class='ocrx_word' id='word_1_313' title='bbox 1095 4086 1202 4137; x_wconf 87' lang='lat' dir='ltr'>uenisse.</span> <span class='ocrx_word' id='word_1_314' title='bbox 1227 4116 1260 4123; x_wconf 94' lang='lat'><em>-</em></span> <span class='ocrx_word' id='word_1_315' title='bbox 1279 4086 1321 4138; x_wconf 69' lang='lat'>27.</span> <span class='ocrx_word' id='word_1_316' title='bbox 1342 4086 1428 4153; x_wconf 88' lang='lat' dir='ltr'>proui-</span> 
     </span>
     <span class='ocr_line' id='line_1_37' title="bbox 304 4174 1292 4242; baseline 0 -16"><span class='ocrx_word' id='word_1_317' title='bbox 304 4176 371 4227; x_wconf 88' lang='lat' dir='ltr'>disse</span> <span class='ocrx_word' id='word_1_318' title='bbox 389 4177 443 4226; x_wconf 82' lang='lat' dir='ltr'>edd.</span> <span class='ocrx_word' id='word_1_319' title='bbox 463 4194 514 4242; x_wconf 76' lang='lat' dir='ltr'>seq.</span> <span class='ocrx_word' id='word_1_320' title='bbox 534 4175 636 4241; x_wconf 88' lang='lat' dir='ltr'>preuise</span> <span class='ocrx_word' id='word_1_321' title='bbox 655 4175 683 4225; x_wconf 80' lang='lat' dir='ltr'>ia</span> <span class='ocrx_word' id='word_1_322' title='bbox 700 4193 749 4226; x_wconf 86' lang='lat' dir='ltr'>rae.</span> <span class='ocrx_word' id='word_1_323' title='bbox 769 4176 799 4227; x_wconf 88' lang='lat' dir='ltr'>F.</span> <span class='ocrx_word' id='word_1_324' title='bbox 821 4205 851 4213; x_wconf 95' lang='lat'>—</span> <span class='ocrx_word' id='word_1_325' title='bbox 874 4174 999 4242; x_wconf 77' lang='lat' dir='ltr'>[paludes]</span> <span class='ocrx_word' id='word_1_326' title='bbox 1020 4183 1043 4226; x_wconf 87' lang='lat' dir='ltr'>et</span> <span class='ocrx_word' id='word_1_327' title='bbox 1061 4176 1154 4226; x_wconf 86' lang='lat' dir='ltr'>noxios</span> <span class='ocrx_word' id='word_1_328' title='bbox 1171 4176 1292 4227; x_wconf 62' lang='lat' dir='ltr'>erasae.</span> 
     </span>
    </p>
   </div>
   <div class='ocr_carea' id='block_1_5' title="bbox 0 0 1710 4909">
    <p class='ocr_par' dir='ltr' id='par_1_5' title="bbox 0 0 1710 4909">
     <span class='ocr_line' id='line_1_38' title="bbox 0 0 1710 4909; baseline 0 0"><span class='ocrx_word' id='word_1_329' title='bbox 0 0 1710 4909; x_wconf 95' lang='lat' dir='ltr'> </span> 
     </span>
    </p>
   </div>
  </div>
 </body>
</html>
