3409 4909
871 502 910 511 —-

330 661 356 712 et
376 655 607 730 obseruationes,
634 675 709 731 quas
724 657 839 731 partini
859 657 893 715 in
915 662 1007 733 tertre,
1023 660 1137 734 partim
1158 660 1192 717 in
1212 660 1353 718 uuinton
1375 661 1452 719 leoti-

331 789 399 847 onis
419 789 525 847 rettuli.

371 923 522 981 Leotarern
548 924 697 981 inanitum
717 924 785 981 uolet
806 942 880 999 quae
900 924 1057 983 uarietates
1078 926 1165 984 initio
1187 926 1255 984 iibri
1275 927 1358 985 nulio
1376 928 1454 985 eodi-

332 1056 376 1115 eis
404 1057 525 1114 nornine
551 1056 650 1114 addito
677 1056 865 1132 adserantur,
893 1076 994 1115 omnes
1021 1058 1060 1115 ad
1082 1058 1263 1117 Medieaeunt
1285 1060 1453 1132 (beroenti-

333 1209 424 1248 anunr
456 1191 544 1266 682,
572 1190 657 1264 uotae
685 1189 728 1265 M)
752 1191 913 1267 pertinere,
941 1209 1026 1267 quern
1055 1192 1163 1250 tibrum
1189 1192 1224 1250 in
1239 1160 1454 1267 posterioribus

333 1325 467 1382 indicaui
502 1324 597 1382 littera
626 1325 659 1382 F.
698 1325 767 1384 Duo
797 1325 844 1382 itti
875 1326 1051 1383 deteriorum
1081 1326 1213 1411 eodieurn
1244 1328 1363 1402 optinui,
1402 1328 1456 1402 qui

333 1460 475 1535 enormes
494 1420 611 1535 futen
631 1459 670 1517 aa
689 1459 844 1534 aprunus
865 1459 987 1517 auus
1007 1459 1030 1517 1.
1052 1462 1172 1518 ee-re
1186 1460 1248 1518 eie.
1267 1463 1348 1519 se-
1362 1461 1400 1519 a.
1419 1464 1454 1537 2,

241 1610 261 1640 -·
334 1594 457 1652 indieati
477 1598 547 1651 sunt
568 1593 672 1651 litteris
692 1612 710 1651 a
729 1599 755 1651 et
775 1594 809 1669 b,
829 1594 937 1669 reliqui
955 1594 1127 1682 {sequiorurn
1148 1595 1222 1670 siolo
1244 1613 1303 1672 seq.

377 1728 618 1804 Quandoquidem
645 1728 795 1785 Historiae
821 1728 855 1785 in
882 1727 963 1785 tuna
989 1728 1095 1802 eniqrea
1121 1729 1171 1785 sui
1190 1734 1276 1803 parte
1296 1735 1457 1786 uersentur·

336 1863 370 1920 in
407 1861 619 1936 antiquissima
650 1865 765 1919 nostrae
790 1860 908 1935 patriae
938 1860 1079 1936 historio,
1118 1861 1153 1917 in
1182 1838 1312 1934 orationi
1343 1842 1468 1920 lectoris

336 1995 438 2053 addidi
464 1999 595 2070 eueerpta
621 1994 660 2052 ad
686 1994 764 2051 idem
791 1999 1001 2068 arqununturn
1016 1994 1198 2069 pertinentia
1218 2014 1252 2052 en
1272 1996 1342 2053 abiis
1367 1997 1458 2054 Taciti

337 2129 472 2204 operibns
499 2147 549 2186 neo
576 2147 638 2186 non
664 2146 698 2185 en
723 2127 828 2202 parnis
855 2126 917 2184 iltis
944 2127 1134 2204 scriptoribus
1162 2147 1235 2204 quae
1256 2148 1303 2187 res
1323 2130 1457 2187 Batenos

337 2262 566 2338 antiquissimas
593 2229 750 2334 adtinaur'it
777 2279 839 2318 non
865 2262 977 2318 ornissa
993 2281 1068 2336 ‚una
1095 2267 1120 2320 et
1146 2263 1238 2321 attera
1258 2264 1458 2339 inscriptione.

343 2397 465 2455 Tabulae
492 2396 724 2472 topoqrapbieae‚
752 2395 872 2453 comiter
899 2396 1117 2459 comedentibus
1144 2397 1318 2464 editoribus,
1352 2398 1460 2455 Mittin·

339 2539 364 2591 et
388 2533 453 2609 sitio
474 2530 726 2601 Berotinensibus,
754 2530 895 2587 mutuaui
916 2548 950 2587 eu
970 2530 1081 2606 optimo
1101 2529 1194 2588 libetio
1215 2532 1278 2589 uiri
1298 2532 1460 2591 clarissimi

338 2688 396 2726 oon
422 2667 521 2725 Veitb:
549 2666 647 2724 Vetera
671 2666 774 2723 Castra
794 2664 849 2721 neit
870 2664 971 2721 seinen
997 2663 1200 2739 Uniqebunaen
1214 2665 1259 2722 ais
1279 2665 1459 2740 Stiitnpunbt

329 2790 389 2859 ¹der
408 2799 771 2876 rdiniseb-qerrnoniseben
792 2796 897 2873 Krieye
918 2816 963 2855 eni
986 2797 1213 2856 Inabrbundert
1227 2817 1252 2856 o.
1267 2799 1331 2857 und
1343 2818 1373 2857 n.
1393 2800 1459 2857 Cbr.

449 3004 593 3056 Scribeborn
624 3002 754 3054 Ultraieeti
1013 3048 1019 3057 ,
1062 3000 1088 3051 J.
1109 3000 1187 3051 VAN
1206 3001 1282 3051 DER
1301 3001 1423 3053 VLIET.

460 3128 506 3178 snb
517 3128 594 3194 finem
613 3145 637 3177 a.
657 3126 736 3177 1899.
