3409 4909
274 468 300 516 p.
321 450 369 501 Ch.
390 450 434 517 70)
610 468 837 511 nrsronmauu
859 451 915 537 IV.
937 451 1065 512 41-44.
1339 454 1397 517 183

273 656 405 715 casarea,
437 636 517 715 quod
539 657 594 716 per
620 638 758 715 sinpnlas
784 638 887 699 domos
913 658 996 717 seque
1023 648 1050 699 et
1070 638 1215 700 delatores
1229 639 1396 718 fatiparet:

274 755 353 813 posse
382 735 553 796 renioersnni
583 745 720 797 anatum
752 756 815 796 una
845 756 908 797 noce
939 736 1074 797 sabonti.
1099 737 1260 816 ¹Retinete,
1295 749 1397 817 patres

274 834 446 911 conscripti,
475 842 501 893 et
520 843 661 895 resecate
682 835 832 895 hominene
855 844 918 894 tarn
939 834 1066 913 expediti
1086 836 1220 914 consilii,
1245 845 1279 896 nt
1300 838 1397 898 ornnis

275 940 358 991 actos
377 930 524 991 instructa
544 931 598 1005 sit,
619 941 646 991 et
660 931 805 1009 qnomodo
820 951 898 991 senes
911 932 1006 992 nostri
1020 932 1216 1011 Marcellam,
1241 934 1395 1012 Crispum,

237 1029 390 1089 binrenes
416 1028 567 1105 Repetunt
594 1028 760 1089 imitentur.
790 1029 909 1089 Invenit
933 1031 1066 1091 aemulos
1093 1031 1185 1091 ctione
1213 1031 1321 1109 infelin
1348 1053 1396 1093 ne·
1481 1067 1489 1077 ·

274 1127 388 1205 quitto:
416 1126 491 1205 qnid
518 1127 544 1187 si
566 1127 675 1206 floreat
701 1127 870 1205 oipeatqne,
899 1136 925 1187 et
953 1148 1037 1206 quern
1066 1128 1166 1189 adhuc
1193 1130 1395 1207 quaestoriam

273 1224 418 1303 offendere
437 1244 499 1285 non
519 1223 681 1302 audemus,
698 1225 886 1303 praetoriam
908 1234 934 1285 et
952 1226 1138 1286 consulerent
1152 1227 1259 1286 ausari
1273 1228 1395 1288 uenus?

273 1324 326 1383 An
353 1323 500 1383 Neronern
524 1332 686 1383 extreman
707 1322 900 1383 dominorum
917 1323 1057 1401 palatis?
1083 1323 1169 1384 Idern
1191 1324 1393 1403 crediderant,

273 1420 326 1499 qai
358 1420 486 1494 Tiberio,
516 1420 569 1498 qui
592 1419 670 1480 Gaio
690 1421 858 1499 superstites
872 1421 1016 1499 sacrant,
1044 1442 1112 1483 crrrn
1132 1422 1254 1483 interim
1275 1423 1395 1484 intesta-

219 1527 254 1579 10
273 1518 363 1579 bilior
393 1528 419 1578 et
448 1518 562 1579 saeuior
591 1528 706 1580 exortus
735 1528 784 1580 est.
819 1520 889 1580 Non
922 1520 1060 1581 timenus
1097 1520 1328 1599 Vespasianum:
1360 1542 1395 1583 ea

267 1616 537 1695 principiendos,
557 1636 592 1677 ea
612 1617 795 1688 moderatim
816 1617 866 1678 sed
888 1617 1005 1678 diutins
1025 1618 1140 1678 darant
1154 1620 1287 1697 exempla
1302 1639 1395 1698 quarn

271 1734 375 1774 rnores.
403 1714 622 1793 Elanpuirnas,
647 1724 750 1793 patres
776 1716 948 1794 conscripti,
976 1736 1028 1777 nec
1051 1716 1116 1776 iarn
1136 1716 1189 1777 ille
1209 1727 1327 1778 senatos
1347 1738 1394 1778 sn-

270 1831 354 1887 nens,
385 1811 439 1890 qni
469 1812 557 1872 occiso
588 1812 705 1873 Nerone
732 1813 876 1874 delatores
902 1823 929 1874 et
956 1814 1110 1875 ministros
1135 1834 1215 1875 ntore
1241 1816 1394 1876 maiorum

267 1909 437 1987 puniendos
462 1910 637 1989 flapitabat.
672 1910 810 1989 Optimos
836 1917 877 1988 est
900 1921 967 1990 post
994 1912 1112 1973 niolam
1136 1912 1304 1991 principem
1332 1912 1395 1974 dies

219 2016 253 2067 15
267 2007 398 2085 primas.

313 2105 418 2166 Tanto
450 2124 524 2165 cum
557 2106 696 2166 adsensu
728 2111 859 2167 senatus
891 2107 1022 2168 auditus
1053 2112 1102 2168 est
1133 2109 1323 2186 Montanus,
1356 2112 1446 2173 utta

270 2222 363 2281 spem
395 2209 523 2281 caperet
553 2204 727 2265 Helvidius
759 2223 852 2283 posse
881 2206 978 2265 etiarn
1007 2205 1197 2266 Marcellum
1225 2207 1392 2284 prosterni.

270 2301 375 2377 Igitur
403 2322 422 2361 a
450 2301 546 2361 laude
574 2301 682 2362 Cluvii
703 2302 777 2362 Rufi
799 2321 906 2381 orsus,
935 2304 990 2382 qui
1013 2303 1145 2382 perinde
1166 2303 1256 2364 dives
1279 2310 1309 2365 et
1330 2304 1393 2365 elo·

271 2399 406 2476 quentia
434 2398 539 2459 clarus
567 2399 651 2460 nulli
678 2418 835 2478 umquam
865 2400 925 2460 sub
946 2400 1071 2461 Nerone
1093 2401 1273 2479 periculum
1295 2401 1392 2462 faces·

214 2504 251 2558 20
270 2498 379 2574 sisset,
399 2498 532 2558 crimine
547 2498 646 2558 simul
660 2498 875 2577 exemploque
889 2499 1026 2577 Eprium
1040 2498 1189 2575 urgebat,
1205 2498 1392 2559 ardentibus

269 2600 401 2674 patrum
430 2596 556 2655 animis.
585 2595 681 2666 Quod
709 2595 765 2656 ubi
787 2596 886 2656 sensit
907 2595 1095 2673 Marcellus,
1124 2595 1214 2655 velut
1235 2594 1391 2657 excedens

270 2696 374 2773 curia,
396 2696 496 2773 lenus,
519 2696 641 2773 inquit,
667 2696 780 2771 Prisce,
802 2704 828 2754 ct
849 2695 1048 2773 relinquimus
1070 2694 1123 2753 tibi
1137 2703 1272 2753 senatnnt
1290 2704 1391 2754 taum:

269 2813 364 2870 repna
390 2803 542 2871 praesente
576 2793 708 2854 Caesare.
740 2792 941 2871 Sequebatur
972 2791 1087 2852 Vibius
1116 2791 1263 2870 CrispuS,
1296 2792 1391 2852 ambo

270 2890 403 2968 infensi,
434 2890 525 2951 voltu
551 2891 693 2967 diversa,
722 2890 895 2951 Marcellus
918 2889 1098 2950 minacibus
1120 2888 1237 2966 oculis,
1260 2889 1391 2968 Crispus

212 2992 250 3047 25
269 2988 435 3067 renidens,
464 2988 566 3049 donec
595 2988 734 3049 adcursu
755 2988 933 3048 amicorum
955 2988 1202 3048 retraherentur.
1232 2987 1314 3047 Cum
1335 2988 1392 3064 gli-

269 3091 371 3147 sceret
398 3091 576 3163 certamen,
605 3086 681 3147 hinc
709 3086 806 3146 multi
834 3086 991 3165 bonique,
1021 3085 1097 3146 inde
1121 3086 1216 3165 pauci
1238 3090 1269 3146 et
1289 3085 1390 3147 validi

270 3184 487 3263 pertinacibus
523 3184 605 3244 odiis
643 3183 824 3262 tenderent,
864 3189 1076 3263 consumptus
1108 3204 1165 3264 per
1197 3183 1390 3244 discordiam

269 3282 346 3342 dice.
377 3282 528 3343 Proximo
556 3286 669 3342 senatu
690 3281 863 3343 inchoante
885 3283 1018 3343 Caesare
1041 3282 1080 3342 de
1101 3281 1259 3343 abolendo
1281 3281 1390 3342 dolore
1405 3293 1445 3352 44

269 3381 381 3459 iraque
413 3384 446 3440 et
476 3381 621 3458 priorum
653 3385 837 3458 temporum
869 3380 1129 3457 necessitatibus,
1165 3380 1289 3439 censuit
1320 3380 1390 3440 Mu-

213 3482 250 3536 30
269 3478 381 3538 cianus
410 3476 534 3556 prolixe
561 3496 619 3556 pro
648 3476 902 3553 accusatoribus3
932 3477 1030 3537 simul
1051 3496 1120 3553 eos,
1149 3476 1206 3554 qui
1228 3481 1390 3555 coeptam,

269 3573 386 3634 deinde
409 3574 561 3635 omissam
584 3574 744 3634 actionem
765 3579 960 3653 repeterent,
982 3574 1110 3634 monuit
1125 3593 1270 3635 sermone
1285 3574 1390 3651 molli,

225 3735 233 3755 ί
269 3677 301 3731 et
323 3675 491 3748 tamquam
515 3675 645 3747 rogaret.
668 3673 778 3732 Patres
801 3677 982 3750 coeptatam
998 3671 1195 3748 libertatem,
1217 3676 1390 3750 postquam

307 3935 329 3984 1.
349 3933 437 3999 seque]
458 3949 548 3998 seques
566 3933 596 3983 F.
618 3962 650 3969 —
670 3934 694 3984 5.
716 3932 830 3983 aemulos
848 3933 926 3983 etiam
944 3933 1081 3983 Acidalins
1096 3932 1173 3983 etiam
1182 3932 1296 3983 aemulos
1305 3933 1335 3983 F.
1356 3963 1389 3970 --

269 4023 293 4073 7.
313 4020 401 4071 ausuri
419 4020 491 4088 Lips.
512 4021 592 4071 uisuri
611 4022 640 4071 F.
667 4052 700 4058 -
723 4020 762 4071 12.
783 4038 868 4071 mores
886 4022 908 4072 F
927 4030 1044 4071 auctores
1062 4020 1134 4088 Lipa
1156 4050 1188 4059 -
1210 4021 1249 4073 19.
1270 4021 1390 4087 eloquen-

266 4128 305 4215 ῑίἓ
322 4164 351 4215 F.
372 4194 405 4201 -
425 4164 559 4214 faceeisset.
582 4194 614 4201 -
634 4162 676 4215 23.
696 4164 807 4229 scrispus
828 4164 848 4213 F
868 4165 896 4231 (p
915 4148 942 4214 ci
963 4181 979 4229 q
998 4167 1081 4228 cona).
1103 4194 1135 4201 —
1155 4163 1197 4216 25.
1218 4164 1334 4214 adcursu.
