3409 4909
256 490 285 538 p.
308 472 357 524 Ch.
377 472 423 538 69)
598 488 824 532 nrsronmaun
846 470 909 531 III.
931 471 1059 534 77-80.
1328 471 1384 532 151
1421 449 1424 454 ⁵

259 657 367 719 simae
395 657 541 720 cohortes
569 679 588 719 a
615 658 747 720 Vitellio
772 657 1000 734 descivissent,
1028 662 1060 718 et
1081 657 1213 718 abscisis
1234 657 1385 718 omnibus

259 756 433 836 praesidiis
448 775 594 817 cessurus
608 755 744 835 imperio
759 754 931 816 videbatur
939 774 946 831 ;
962 754 1018 814 sed
1033 759 1150 815 cuncta
1164 753 1385 829 festinatione,

261 853 381 915 deinde
408 854 537 932 ignavia
565 854 676 916 Sabini
704 859 870 933 corrupta,
898 853 955 932 qui
983 852 1123 931 sumptis
1148 857 1266 913 temere
1288 852 1386 913 armis

262 952 519 1013 munitissimam
546 952 698 1032 Capitolii
723 971 829 1012 arcem
850 957 882 1012 et
903 971 943 1012 ne
965 951 1091 1028 magnis
1113 950 1246 1030 quidem
1268 951 1386 1011 exerci-

223 1063 241 1114 5
261 1049 352 1111 tibus
380 1050 630 1129 expugnabilem
651 1049 804 1111 adversus
826 1050 884 1111 tris
906 1049 1052 1110 cohortes
1073 1049 1156 1109 tueri
1178 1049 1385 1128 nequivisset.

263 1148 367 1209 Haud
397 1147 490 1209 facile
518 1149 590 1227 quis
617 1149 675 1208 uni
703 1147 921 1242 adsignaverit
948 1145 1095 1225 culpam,
1128 1165 1210 1224 quae
1238 1146 1387 1206 omnium

262 1245 336 1306 fuit.
365 1246 449 1306 Nam
477 1250 509 1307 et
535 1245 706 1306 Mucianus
733 1244 894 1321 ambiguis
916 1243 1062 1323 epistulis
1084 1243 1220 1305 victores
1241 1244 1387 1304 moraba-

263 1349 335 1421 tur,
373 1349 405 1405 et
436 1344 597 1404 Antonius
630 1348 836 1423 praepostero
868 1341 1039 1421 obsequio,
1079 1340 1130 1401 vel
1162 1340 1241 1401 dum
1273 1342 1387 1418 regerit

262 1440 423 1503 invidiam
432 1490 447 1519 ,.
471 1442 593 1502 crimen
623 1442 743 1502 meruit
750 1461 757 1517 ;
790 1441 951 1518 ceterique
984 1439 1080 1500 duces
1110 1438 1189 1498 dum
1217 1445 1385 1517 paraetum

208 1551 244 1606 10
262 1538 389 1600 bellum
416 1543 549 1618 putant,
577 1538 675 1599 finem
704 1538 773 1599 eius
797 1538 999 1615 insignivere.
1029 1537 1076 1597 Ne
1098 1536 1232 1597 Petilius
1254 1536 1386 1616 quidem

263 1636 414 1714 Cerialis,
453 1656 528 1697 cum
563 1636 653 1697 mille
683 1636 847 1714 equitibus
879 1635 1090 1714 praemissus,
1129 1640 1167 1695 ut
1197 1635 1386 1696 transversis

261 1733 435 1795 itineribus
463 1754 519 1814 per
546 1753 658 1811 agrum
687 1734 845 1795 Sabinum
871 1734 993 1795 Salaria
1015 1733 1068 1794 via
1090 1733 1203 1794 urbem
1224 1734 1386 1811 introiret,

264 1834 344 1893 satis
382 1837 615 1910 maturaverat,
655 1833 756 1894 donec
793 1833 915 1894 obsessi
953 1832 1106 1910 Capitolii
1137 1830 1224 1892 fama
1254 1837 1387 1893 cunctos

264 1929 365 1990 simul
386 1930 514 1991 exciret.
537 1931 698 1991 Antonius
720 1950 776 2009 per
797 1930 993 1991 Flaminiam
1016 1930 1158 1991 ad'Saxa
1172 1929 1269 1991 rubra
1283 1930 1386 1991 multo
1401 1932 1441 1996 79

210 2041 243 2094 15
263 2028 332 2088 iam
352 2028 456 2089 noctis
477 2047 583 2089 serum
606 2028 767 2088 auxilium
784 2030 889 2090 venit:
912 2027 979 2089 illie
993 2027 1198 2089 interfectum
1213 2028 1386 2104 Sabinum,

264 2123 476 2201 conflagrasse
516 2126 729 2204 Capitolium,
771 2132 907 2188 tremere
944 2126 1074 2202 urbem,
1117 2131 1240 2186 maesta
1278 2126 1387 2186 omnia

264 2224 390 2302 accepit
397 2243 404 2300 ;
427 2223 555 2302 plebem
577 2243 706 2303 quoque
727 2230 759 2285 et
779 2225 910 2286 servitia
931 2244 989 2303 pro
1011 2223 1144 2284 Vitellio
1166 2224 1282 2284 armari
1305 2243 1387 2283 nun-

263 2320 416 2382 tiabatur.
455 2322 497 2381 Et
535 2322 649 2383 Petilio
688 2322 804 2382 Ceriali
842 2327 989 2399 equestre
1021 2321 1182 2401 proelium
1215 2321 1387 2381 adversum

264 2418 379 2480 fuerat.
409 2419 557 2498 Namque
584 2420 753 2481 incautum
781 2424 813 2481 et
841 2425 1010 2499 tamquam
1040 2419 1080 2479 ad
1109 2420 1212 2480 victos
1240 2422 1387 2479 ruentem

207 2527 245 2584 ¹20
264 2516 450 2594 Vitelliani,
487 2503 686 2579 interiectus
711 2517 812 2597 equiti
847 2517 961 2596 pedes,
1001 2536 1162 2595 excepere.
1203 2517 1388 2592 Pugnatum

264 2614 355 2675 haud
387 2615 500 2693 procul
531 2615 625 2692 urbe,
661 2616 744 2676 inter
776 2615 923 2676 aedificia
953 2615 1128 2693 hortosque
1161 2619 1192 2673 et
1224 2613 1387 2673 anfractus
1459 2673 1462 2679 ,

264 2713 408 2790 viarum3
436 2731 519 2790 quae
539 2732 638 2789 gnara
660 2713 858 2790 Vitellianis,
884 2713 1073 2791 inconperta
1095 2711 1242 2771 hostibus
1264 2715 1388 2770 metum

264 2810 417 2871 fecerant.
444 2811 556 2890 Neque
577 2811 682 2871 omnis
704 2830 800 2890 eques
822 2830 970 2889 concorS,
992 2810 1153 2870 adiunctis
1175 2807 1386 2888 quibusdam,

265 2909 324 2988 qui
351 2927 455 2987 nuper
483 2908 570 2987 apud
595 2909 750 2969 Narniam
771 2907 873 2970 dediti
894 2908 1058 2969 fortunam
1080 2908 1223 2986 partium
1243 2906 1388 2985 specula-

206 3021 243 3073 25
262 3007 394 3068 bantur.
410 3007 544 3085 Capitur
558 3005 739 3085 praefectus
753 3007 823 3067 alae
838 3006 966 3066 Tullius
984 3006 1171 3081 Flavianus;
1187 3005 1282 3065 ceteri
1294 3004 1388 3065 foeda

264 3103 343 3181 fuga
363 3108 626 3179 consternantur,
649 3123 713 3164 non
735 3103 821 3164 ultra
842 3104 980 3164 Fidenas
1004 3104 1120 3164 secutis
1143 3103 1327 3164 victoribus.

307 3202 355 3263 Eo
382 3220 532 3263 successu
557 3200 666 3262 studia
693 3201 806 3280 populi
835 3207 930 3263 aucta
938 3222 946 3279 3
975 3201 1088 3278 volgus
1114 3202 1276 3261 urbanum
1299 3220 1388 3260 arma
1403 3206 1442 3267 80

263 3300 361 3379 cepit.
394 3300 508 3360 Paucis
539 3305 630 3360 scuta
662 3299 830 3375 militaria3
863 3299 973 3378 plures
1004 3300 1120 3378 raptis,
1154 3298 1242 3378 quod
1272 3299 1387 3376 cuique

264 3397 417 3473 obvium,
446 3397 518 3458 telis
546 3398 674 3474 signum
701 3415 827 3475 pugnae
848 3401 1038 3475 exposcunt.
1067 3397 1143 3473 Agit
1163 3401 1267 3472 grates
1290 3395 1388 3455 Vitel-

204 3508 245 3563 30
263 3496 330 3557 lius
359 3501 390 3557 et
418 3495 460 3556 ad
487 3494 644 3556 tuendam
669 3494 783 3555 urbem
811 3513 1019 3573 prorumpere
1047 3494 1145 3555 iubet.
1175 3495 1254 3554 Mox
1275 3498 1389 3554 vocato

265 3599 382 3657 senatu
410 3593 596 3670 deliguntur
623 3592 719 3669 legati
748 3591 788 3652 ad
814 3592 989 3668 exercitus,
1018 3595 1055 3651 ut
1075 3595 1243 3669 praetexto
1265 3591 1310 3651 rei
1331 3609 1389 3669 pu-

264 3692 370 3754 blicae
408 3690 614 3752 concordiam
651 3709 829 3769 pacemque
861 3689 1042 3750 suaderent.
1083 3689 1180 3748 Varia
1211 3687 1390 3765 legatorum

266 3809 335 3852 sors
362 3788 435 3849 fuit.
464 3788 527 3859 Qui
555 3788 670 3848 Petilio
692 3788 808 3849 Ceriali
830 3792 1049 3863 occurrerant,
1078 3792 1258 3847 extremum
1282 3785 1390 3846 discri-

266 3931 429 3941 ———-

302 4009 328 4062 8.
354 4017 453 4075 regeret
472 4009 503 4059 F.
524 4038 556 4045 —
578 4007 618 4060 18.
642 4007 724 4073 prelii'r
743 4009 773 4059 F.
794 4039 827 4046 -
847 4008 942 4058 adricus
960 4006 1003 4058 Fl.
1025 4036 1056 4044 —
1076 4005 1119 4058 25.
1140 4005 1250 4072 Tullius]
1271 4006 1349 4056 tulius
1367 4007 1390 4056 F

266 4109 296 4166 ej.
316 4099 366 4151 IV.
386 4098 421 4152 68
438 4098 484 4149 aab
496 4099 542 4164 jin.
562 4098 644 4148 Iulius
662 4099 793 4164 Agricola.
823 4126 856 4135 -
876 4097 919 4148 27.
944 4097 1012 4147 aucti
1031 4094 1073 4145 Fl.
1103 4126 1134 4133 —
1155 4093 1197 4147 28.
1218 4095 1285 4161 rapti
1305 4095 1335 4145 F.
1357 4124 1390 4133 -

266 4189 309 4241 29.
331 4188 429 4240 uitellii'r
447 4188 478 4239 F.
497 4215 533 4225 —
552 4186 595 4239 30.
615 4186 712 4237 uocatis
731 4195 819 4237 senato
838 4185 880 4235 Fl.
