3409 4909
299 480 326 530 p.
346 462 394 515 Ch.
414 465 459 530 69)
641 482 868 527 nrsronrsauru
890 465 933 526 II.
955 466 1083 526 41—44.
1382 466 1421 529 75
1518 427 1522 434 ⁵

300 666 351 727 se,
389 648 501 710 ceteris
536 650 718 730 conspicui,
756 651 790 712 in
822 657 975 713 eventum
1006 651 1106 713 totius
1137 652 1215 713 belli
1245 653 1420 714 certabant.

301 745 397 806 Forte
423 746 508 808 inter
529 747 653 808 Padum
677 747 843 828 viamque,
872 750 997 828 patenti
1018 768 1149 829 campa,
1178 748 1262 810 duae
1282 749 1421 827 legiones
1436 743 1475 803 43

302 861 488 921 congressae
509 849 600 922 sunt,
626 864 684 925 pro
705 845 838 907 Vitellio
858 847 1149 925 unaetvicensima,
1171 848 1224 908 cui
1245 865 1421 924 cognomen

303 940 439 1020 Rapaci,
453 946 561 1004 vetere
575 942 676 1020 gloria
690 943 833 1021 insignis;
848 963 866 1005 e
880 950 972 1024 parte
987 944 1124 1007 Othonis
1139 945 1241 1025 prima
1258 944 1421 1018 Adiutrix,

265 1050 284 1101 5
302 1058 367 1100 non
389 1044 463 1101 ante
484 1040 519 1100 in
540 1041 640 1101 aciem
663 1040 817 1120 deducta,
839 1042 895 1103 sed
917 1042 1008 1104 ferox
1029 1048 1061 1105 et
1081 1044 1158 1104 novi
1179 1042 1301 1104 decoris
1317 1042 1421 1103 avida.

303 1136 448 1197 Primani
487 1138 595 1199 stratis
636 1140 1029 1201 unaetvicensimanorum
1070 1140 1237 1220 principiis
1277 1139 1423 1219 aquilam

303 1234 479 1312 abstulere;
507 1255 572 1315 quo
594 1236 702 1299 dolore
723 1256 857 1299 accensa
877 1239 960 1316 legio
981 1244 1012 1300 et
1033 1239 1153 1318 inpulit
1174 1256 1284 1301 rursus
1304 1239 1423 1318 prima-

303 1351 378 1409 nos,
415 1333 582 1395 interfecto
614 1333 735 1397 Orfidio
767 1336 910 1413 Benigno
941 1336 1062 1415 legato,
1097 1341 1129 1397 et
1159 1336 1302 1416 plurima
1332 1337 1422 1414 signa

303 1430 488 1511 vexillaque
516 1451 557 1492 ex
584 1432 732 1494 hostibus
760 1434 878 1514 rapuit.
908 1436 937 1495 A
957 1438 1049 1514 parte
1070 1433 1134 1494 alia
1155 1433 1309 1513 propulsa
1331 1434 1423 1513 quin-

251 1536 285 1590 10
302 1531 454 1590 tonorum
481 1530 606 1609 impetu
633 1530 728 1591 tertia
756 1531 882 1593 decima
909 1532 1007 1610 legi03
1039 1532 1250 1593 circumventi
1277 1531 1423 1610 plurium

304 1625 444 1700 adcursu
474 1628 758 1707 quartadecimani.
792 1629 834 1690 Et
865 1627 1002 1690 ducibus
1034 1629 1172 1690 Othonis
1202 1629 1268 1689 iam
1295 1626 1422 1708 pridem

304 1724 464 1803 profugis,
486 1725 622 1786 Caecina
643 1745 680 1787 ac
701 1726 821 1788 Valens
841 1726 995 1788 subsidiis
1017 1746 1091 1788 suos
1107 1726 1287 1788 firmabant.
1310 1727 1423 1785 Acces-

305 1822 349 1883 sit
368 1841 477 1883 rccens
497 1823 673 1900 auxilium,
695 1824 800 1886 Varus
822 1824 958 1887 Alfenus
979 1844 1054 1885 cum
1069 1824 1216 1902 Batavis,
1238 1824 1310 1884 fusa
1323 1821 1423 1900 gladi-

304 1924 433 1998 atorum
454 1939 570 1999 mana,
592 1939 691 2001 quarn
712 1922 850 1983 navibus
865 1927 1081 1983 transvectam
1096 1921 1262 2002 obpositae
1276 1920 1422 1982 cohortes

251 2028 284 2080 15
303 2018 340 2078 in
370 2019 441 2097 ipso
471 2010 605 2080 flumine
636 2019 885 2081 trucidaverant.
918 2020 969 2080 Ita
998 2019 1135 2081 victores
1165 2018 1251 2079 latus
1278 2017 1423 2079 hostium

304 2115 439 2193 invecti;
472 2121 503 2178 et
534 2116 641 2178 media
667 2117 736 2178 acie
763 2122 918 2197 perrupta
945 2116 1053 2195 fugere
1081 2117 1201 2196 passim
1230 2115 1422 2191 Othoniani,

304 2214 498 2275 Bedriacum
511 2220 665 2295 petentes
687 2215 878 2276 Inmensum
893 2214 927 2275 id
941 2216 1100 2294 spatium;
1123 2214 1304 2292 obstructae
1319 2218 1422 2289 strage
1438 2222 1477 2281 44

305 2329 477 2391 corporum
503 2313 590 2390 viae;
619 2332 683 2392 quo
711 2313 785 2392 plus
806 2312 913 2374 caedis
933 2313 1011 2374 fuit:
1039 2312 1250 2392 nequeenim
1272 2310 1421 2371 civilibus

305 2409 399 2471 bellis
430 2410 517 2489 capti
547 2410 582 2471 in
611 2410 765 2490 praedam
796 2416 975 2472 vertuntur.
1007 2411 1179 2472 Suetonius
1208 2408 1363 2470 Paulinus
1390 2412 1422 2468 et

248 2514 287 2569 20
305 2508 448 2569 Licinius
470 2508 624 2570 Proculus
646 2508 780 2570 diversis
801 2509 970 2571 itineribus
992 2515 1096 2571 castra
1110 2509 1260 2570 vitavere.
1283 2505 1424 2567 Vedium

306 2604 477 2685 Aquilam,
511 2606 623 2667 tertiae
654 2602 797 2668 decimae
828 2606 963 2684 legionis
994 2608 1153 2684 legatum,
1185 2606 1250 2666 irae
1282 2604 1424 2664 militum

305 2701 508 2763 inconsultus
528 2722 630 2782 pavor
650 2702 784 2764 obtulit:
806 2703 911 2766 multo
932 2704 1040 2765 adhuc
1060 2703 1111 2764 die
1126 2701 1250 2764 vallum
1265 2702 1424 2779 ingressus

306 2799 446 2861 clamore
468 2799 694 2862 seditiosorum
715 2805 747 2862 et
767 2801 931 2879 fugacium
953 2801 1242 2880 circumstrepitur;
1267 2818 1332 2859 non
1353 2817 1425 2877 pro-

306 2897 389 2974 bris,
427 2917 493 2959 non
531 2898 683 2960 manibus
721 2899 885 2961 abstinent
892 2920 900 2976 ;
939 2899 1133 2960 desertorem
1164 2898 1425 2977 proditoremque

250 3002 288 3057 25
306 2995 489 3075 increpant,
511 2996 603 3057 nullo
624 2996 754 3076 proprio
776 2997 911 3058 crimine
932 2996 1017 3074 eius,
1039 2996 1095 3057 sed
1117 3014 1205 3057 more
1227 2995 1311 3072 volgi
1328 3013 1426 3055 sunm

308 3093 445 3172 quisque
464 3093 625 3171 flagitium
647 3093 719 3154 aliis
740 3094 945 3156 obiectantes.
968 3093 1134 3155 Titianum
1155 3098 1187 3154 et
1208 3092 1338 3153 Celsum
1360 3110 1427 3152 nox

307 3188 405 3267 iuvit,
433 3189 598 3271 dispositis
620 3190 687 3251 iam
709 3190 854 3252 excubiis
877 3191 1120 3270 conpressisque
1141 3188 1316 3265 militibus,
1345 3208 1426 3268 quos

308 3288 435 3348 Annius
457 3287 570 3349 Gallus
592 3287 726 3349 consilio
747 3289 896 3368 precibus
915 3288 1104 3350 anctoritate
1119 3288 1268 3365 flexerat,
1289 3306 1428 3366 occuper

308 3385 422 3447 cladem
454 3386 594 3447 adversae
622 3405 742 3465 gripum
773 3387 894 3447 suismet
921 3386 983 3465 ipsi
1010 3385 1147 3447 coedibus
1173 3384 1336 3445 saevirent:
1368 3384 1428 3443 aive

253 3492 290 3546 30
303 3481 379 3562 fiais
406 3483 478 3544 teto
504 3484 628 3545 cenaret
640 3532 647 3561 ,
676 3502 727 3545 aea
751 3503 896 3545 recantare
923 3504 1011 3545 croto
1030 3484 1171 3560 malleat,
1199 3483 1323 3542 cuicum
1341 3480 1439 3553 victis,

308 3580 342 3641 ia
362 3600 502 3641 remensa
522 3581 729 3643 levamentum.
755 3581 877 3643 Ceteris
897 3582 1018 3643 fractus
1039 3581 1184 3641 animus:
1206 3577 1426 3659 praetorianus

308 3678 401 3740 miles
420 3697 482 3740 ooo
501 3680 612 3740 uirtute
631 3698 676 3757 ae,
698 3678 749 3739 aed
765 3679 940 3758 proditioue
960 3680 1071 3740 victura
1085 3676 1249 3738 fremebat.
1271 3677 1318 3737 Ne
1339 3674 1427 3735 Vtut

309 3776 403 3838 lionie
429 3776 550 3855 quidem
569 3778 759 3838 incruentam
774 3776 873 3855 fuisse
891 3777 1063 3853 victoriam,
1089 3776 1177 3854 prelio
1197 3774 1307 3852 equite,
1335 3780 1428 3851 rapto

344 4090 368 4140 5.
388 4088 461 4157 noui]
480 4085 498 4137 ᾗ
516 4089 543 4140 ui
563 4088 593 4139 F.
614 4118 646 4125 —
669 4090 709 4141 13.
730 4088 818 4139 Varus
836 4088 918 4139 Rhea.
938 4104 972 4138 ua
985 4086 988 4157 1
1000 4104 1060 4151 ren;
1081 4087 1110 4138 F.
1131 4116 1163 4123 -
1186 4087 1226 4138 19.
1247 4085 1306 4136 belli
1320 4084 1322 4153 l
1335 4086 1426 4150 (sadd.

307 4194 339 4228 m.
358 4176 386 4245 2)
404 4177 435 4229 F.
456 4206 490 4215 -
508 4176 551 4229 29.
571 4176 633 4244 ipsis
651 4177 723 4241 edib;
744 4179 766 4245 (s
781 4178 906 4244 posterior
924 4176 952 4226 ia
970 4193 984 4226 c
1002 4182 1099 4226 mutato
1117 4181 1171 4239 eat).
