3409 4909
261 502 285 551 p.
305 483 352 535 Ch.
373 483 419 548 70)
593 498 822 541 rrrsroaraaun
844 480 901 541 IV.
924 478 1052 541 83-85.
1325 479 1381 539 211

260 667 406 745 augebat.
428 668 513 727 Tum
534 667 647 728 minax
668 666 765 727 facies
786 666 1050 746 Scydrothemidi
1064 666 1212 742 offertur,
1233 686 1274 726 ne
1289 666 1384 726 desti·

260 769 336 825 nata
363 764 423 826 deo
452 765 537 826 ultra
559 771 738 827 moraretur
745 785 753 842 ;
782 769 990 825 cunctantem
1012 764 1102 826 varia
1123 764 1280 843 pernicies
1301 783 1384 825 mor·

260 861 358 941 bique
378 868 411 923 et
430 862 603 923 manifesta
617 862 805 924 caelestium
819 862 868 922 ira
881 862 1072 941 graviorque
1085 861 1120 921 in
1135 860 1204 922 dies
1218 860 1383 937 fatigabat.

260 959 428 1022 Advocato.
449 961 597 1022 contione
618 961 707 1023 iussa
728 960 890 1039 numinis,
920 978 995 1021 suos
1017 959 1257 1039 Ptolemaeique
1278 960 1383 1037 visus,

224 1057 442 1135 5ingruentia
472 1060 559 1120 mala
590 1060 732 1139 exponit.
766 1059 888 1137 Volgus
921 1059 1061 1120 aversari
1089 1077 1212 1135 regem,
1240 1056 1385 1119 invidere

261 1155 424 1235 Aegypto,
446 1157 508 1218 sibi
528 1164 671 1219 metuere
692 1158 919 1238 templumque
934 1155 1168 1218 circumsidere.
1190 1156 1295 1216 Maior
1308 1155 1385 1217 hinc

261 1252 348 1313 fama
373 1254 508 1317 tradidit
528 1256 625 1317 deum
646 1256 756 1337 ipsum
778 1255 932 1335 adpulsas
953 1254 1041 1316 litori
1062 1255 1154 1315 navis
1175 1259 1290 1333 sponte
1312 1273 1385 1315 con·

261 1351 438 1413 scendisse:
460 1354 579 1416 mirum
600 1353 675 1415 inde
696 1354 802 1431 dictu,
824 1354 920 1415 tertio
939 1352 991 1414 die
1004 1357 1135 1414 tantum
1149 1352 1248 1412 maris
1263 1352 1385 1412 emensi

261 1450 494 1512 Alexandriam
522 1451 740 1532 adpelluntur.
770 1452 945 1531 Templum
970 1471 1028 1530 pro
1050 1449 1273 1528 magnitudine
1295 1450 1384 1511 urbis

206 1562 242 1617 10
261 1552 446 1609 extructum
473 1548 559 1627 loco,
588 1550 639 1610 cui
667 1568 786 1611 nomen
814 1548 983 1610 Rhacotis:
1012 1548 1117 1611 fuerat
1141 1546 1208 1608 illic
1229 1546 1385 1608 sacellum

261 1644 408 1724 Serapidi
435 1651 532 1726 atque
559 1647 640 1709 Isidi
668 1648 849 1728 antiquitus
877 1651 1049 1708 sacratum.
1079 1645 1169 1706 Haec
1197 1645 1236 1706 de
1264 1644 1385 1722 origine

261 1747 294 1803 et
314 1742 453 1805 advectu
474 1743 525 1805 dei
547 1745 762 1806 celeberrima.
785 1745 851 1805 Nec
873 1762 947 1804 sum
969 1744 1099 1820 ignarus
1120 1761 1188 1803 esse
1209 1742 1385 1821 quosdam,

262 1840 318 1919 qui
339 1840 484 1903 Seleucia
497 1843 576 1904 urbe
590 1843 700 1923 Syriae
716 1843 873 1920 accitum,
894 1846 1048 1919 regnante
1064 1840 1265 1917 Ptolemaeo,
1287 1859 1385 1920 quem

261 1938 355 1998 tertia
377 1944 464 2000 aetas
479 1940 570 2018 tulit,
593 1940 648 2001 alii
662 1946 826 2002 auctorem
842 1939 982 2001 eundem
997 1939 1237 2017 Ptolemaeum,
1259 1938 1385 2016 sedem,

205 2053 241 2105 15
262 2055 303 2096 ex
331 2055 396 2116 qua
422 2039 600 2116 transierit,
630 2038 812 2118 Memphim
839 2037 1027 2117 perhibent,
1060 2036 1220 2098 inclutam
1247 2036 1326 2097 olim
1354 2040 1387 2097 et

262 2134 378 2195 veteris
406 2136 545 2214 Aegypti
573 2135 731 2197 columen.
762 2136 868 2197 Deum
889 2136 998 2214 ipsum
1019 2135 1116 2196 multi
1139 2135 1385 2215 Aesculapium,

262 2231 351 2311 quod
377 2232 544 2294 medeatur·
564 2234 665 2312 aegris
687 2234 890 2313 corporibuS,
919 2234 1055 2313 quidam
1077 2232 1200 2311 Osirin,
1230 2232 1386 2312 antiquis-

261 2329 383 2390 simum
420 2330 485 2391 illis
522 2332 671 2408 gentihus
709 2332 847 2409 numen',
887 2331 1033 2411 plerique
1065 2332 1179 2392 Iovem
1211 2336 1248 2391 ut
1278 2350 1385 2390 rernm

262 2428 410 2488 omnium
436 2434 617 2507 potentem,
646 2429 778 2508 plurimi
800 2430 909 2489 Ditem
930 2434 1056 2508 patrem
1078 2428 1274 2505 insignibus,
1303 2446 1386 2505 quae

200 2541 242 2596 20
261 2525 295 2585 in
317 2526 388 2604 ipso
409 2526 596 2604 manifesta,
619 2533 676 2588 aut
696 2547 753 2606 per
775 2527 925 2603 ambages
948 2528 1139 2587 coniectant.

304 2625 347 2685 At
378 2624 584 2685 Domitianus
617 2624 852 2704 Mucianusque
884 2629 1060 2703 antequam
1090 2623 1227 2702 Alpibus
1256 2623 1386 2701 propin·
1400 2633 1439 2695 85

263 2727 415 2799 quarent,
453 2741 622 2801 prosperos
660 2741 767 2782 rerum
806 2722 841 2781 in
879 2720 1025 2781 Treveris
1060 2725 1222 2797 gestarum
1255 2721 1386 2781 nuntios

263 2826 462 2897 acceperunt.
492 2820 668 2899 Praecipua
696 2819 850 2882 victoriae
880 2817 959 2879 fides
988 2817 1057 2877 dux
1078 2816 1221 2878 hostium
1244 2816 1387 2877 Valenti-

263 2936 341 2994 nuS,
379 2937 585 2997 nequaquam
623 2918 748 2978 abiecto
780 2917 907 2993 animo,
944 2934 1027 2995 quos
1058 2915 1190 2993 spiritus
1221 2915 1385 2992 gessisset,

202 3028 242 3083 25
262 3015 356 3076 voltu
376 3015 506 3077 ferebat.
533 3015 673 3076 Auditus
695 3015 768 3076 ideo
789 3020 935 3090 tanturn,
958 3018 995 3074 ut
1016 3018 1199 3075 nosceretur
1220 3013 1386 3090 ingenium

264 3114 348 3191 eius,
387 3113 640 3193 damnatusque,
679 3113 762 3174 inter
797 3114 907 3192 ipsum
945 3110 1143 3191 supplicium
1178 3110 1387 3190 exprobranti

263 3211 393 3272 cuidam
424 3212 564 3292 patriam
595 3212 663 3272 eius
695 3216 824 3291 captam
857 3210 1000 3288 accipere
1028 3228 1061 3269 se
1090 3208 1245 3269 solacium
1274 3208 1387 3269 mortis

263 3309 437 3387 respondit.
466 3309 528 3371 Sed
551 3310 738 3387 Mucianae,
768 3308 857 3388 quod
878 3307 936 3368 diu
958 3307 1190 3382 occultaverat,
1219 3310 1256 3365 ut
1277 3325 1387 3366 recens

263 3407 479 3486 exprompsit:
510 3407 661 3479 erona'om
688 3407 870 3485 bcaipac'tate
897 3406 985 3466 dcam
1009 3405 1129 3482 fructae
1158 3403 1288 3463 bostiam
1311 3404 1388 3463 circs

205 3519 244 3573 30
259 3505 377 3582 parent,
401 3526 516 3583 panim
544 3505 642 3565 dacore
670 3504 885 3564 Domitianam
912 3502 1040 3579 confecto
1061 3522 1156 3580 propa
1176 3500 1248 3560 bello
1270 3500 1388 3560 alienae

264 3691 425 3702 -μ

303 3808 324 3857 l.
344 3806 428 3857 minas
437 3807 480 3858 Fl.
501 3836 533 3844 -
544 3805 734 3857 scidrothemidi
745 3805 776 3856 F.
796 3835 829 3843 -
840 3804 951 3855 destinat
963 3805 1026 3855 adeo
1036 3804 1066 3854 F.
1087 3833 1120 3841 ·-
1131 3804 1156 3855 3.
1176 3802 1287 3853 manista
1296 3799 1338 3851 Fl.
1353 3831 1387 3838 —

264 3897 289 3947 l.
309 3895 354 3946 lus
373 3901 438 3946 sanir
455 3896 510 3946 luis
529 3895 559 3946 F.
580 3925 612 3932 —
624 3897 649 3947 5.
668 3894 782 3945 aversari
792 3893 909 3943 Muretus
919 3893 1050 3944 aduersari
1061 3893 1123 3957 Fas.
1133 3909 1158 3958 p.
1172 3890 1244 3954 1.10,
1263 3889 1333 3941 Pil.
1354 3919 1386 3927 -

264 4056 289 4109 8.
309 4001 392 4106 talium
401 4056 431 4106 F.
453 4086 484 4094 —
496 4055 521 4108 9.
541 4054 718 4121 magnitudine
729 4052 771 4105 Fl.
789 4083 821 4091 —
835 4054 875 4105 13.
893 4054 1020 4118 ptolomeo
1031 4052 1060 4103 F.
1073 4081 1105 4089 —
1119 4051 1159 4102 14.
1171 4051 1301 4117 ptolomeir
1311 4050 1342 4100 F.
1354 4079 1387 4086 —

267 4199 308 4251 19.
327 4197 650 4264 quaeHitcolaamqueq3
670 4197 701 4248 F.
722 4226 754 4234 —
766 4196 808 4249 23.
828 4161 999 4261 acceperint
1017 4195 1047 4245 F.
1068 4192 1154 4245 -24,
1174 4192 1342 4260 spiritus]ssis
1356 4192 1386 4242 F.

1233 4281 1280 4333 14*
