3409 4909
278 488 305 537 p.
325 470 374 522 Ch.
396 470 442 535 69)
630 486 858 530 maronianum
880 470 906 530 Ι.
928 469 1056 532 77-79.
1364 470 1405 531 43

278 656 435 736 reposuit.
461 642 609 718 Creditus
630 662 678 717 est
699 657 798 718 ctiam
820 657 860 718 de
881 657 1072 718 celebranda
1093 657 1228 718 Neronis
1249 657 1405 717 memoria

259 754 470 831 agitavisse,
504 773 559 833 spe
591 754 724 831 volgum
754 754 934 830 alliciendi,
967 759 999 815 ot
1029 755 1133 831 fuere,
1165 754 1222 834 qui
1249 754 1405 831 imagines

278 851 419 911 Neronis
441 857 672 931 proponerent,
695 856 792 931 atque
813 852 912 912 ctiam
934 852 1055 913 Othoni
1077 851 1273 931 quibusdam
1292 852 1406 913 diebus

278 948 426 1028 populus
454 954 486 1010 et
513 949 622 1027 mileS,
651 954 822 1029 tamquam
850 949 1053 1011 nobilitatem
1083 969 1120 1010 ac
1145 949 1241 1011 decus
1263 949 1406 1010 adstrue-

241 1053 369 1123 brent,
402 1047 522 1108 Neroni
552 1048 674 1109 Othoni
702 1048 903 1109 acclamavit.
937 1047 1011 1126 Ipse
1039 1048 1074 1107 in
1101 1066 1257 1126 suspenso
1285 1047 1405 1124 tenuit,

278 1144 416 1206 vetandi
438 1151 527 1207 metu
549 1145 601 1207 vel
622 1145 816 1223 agnoscendi
837 1145 969 1225 pudore.

320 1242 495 1303 Conversis
517 1242 558 1302 ad
580 1242 674 1304 civile
695 1242 818 1303 bellum
840 1242 957 1303 animis
979 1248 1112 1303 externa
1134 1243 1202 1303 sine
1221 1262 1297 1303 cura
1311 1243 1407 1304 habe·
1421 1244 1460 1309 79

278 1338 413 1400 bantur.
453 1340 500 1400 Eo
531 1339 705 1401 audentius
737 1340 936 1417 Rhoxolani,
969 1340 1147 1400 Sarmatica
1177 1360 1270 1417 gene,
1302 1340 1407 1419 priore

280 1436 392 1498 hieme
420 1437 519 1497 caesis
546 1436 672 1498 duabus
695 1436 898 1505 cohortibus.
927 1457 1044 1513 magna
1066 1458 1122 1516 spe
1143 1438 1299 1498 Moesiam
1321 1438 1407 1498 inru-

232 1542 262 1598 10
279 1539 416 1614 perant,
449 1534 491 1595 ad
521 1554 639 1596 novem
667 1536 760 1595 milia
788 1536 951 1614 equitum,
984 1555 1025 1595 ex
1053 1535 1170 1596 ferocia
1198 1540 1230 1596 et
1258 1554 1407 1596 successu

280 1632 424 1711 praedae
451 1634 553 1710 magis
578 1653 680 1712 quam
708 1652 835 1713 pugnae
859 1633 994 1694 intenta.
1024 1634 1127 1710 Igitur
1147 1646 1244 1711 vagos
1267 1639 1298 1694 et
1319 1634 1408 1693 incu-

281 1730 386 1791 riosos
414 1732 509 1791 tertia
536 1732 619 1809 legio
646 1731 808 1792 adiunctis
837 1730 968 1791 auxiliis
996 1736 1127 1809 repente
1152 1731 1280 1793 invasit.
1310 1729 1408 1809 Apud

282 1828 450 1890 Romanos
482 1830 592 1890 omnia
623 1830 744 1908 proelio
773 1834 866 1908 apta:
898 1828 1064 1889 Sarmatae
1093 1828 1229 1907 dispersi
1257 1827 1408 1907 cupidine

282 1924 424 2005 praedae
455 1931 513 1987 aut
543 1946 655 2004 graves
686 1946 781 1988 onere
813 1928 1011 1987 sarcinarum
1043 1932 1076 1987 et
1103 1926 1227 1987 lubrico
1255 1926 1408 1986 itinerum

232 2031 263 2085 15
282 2023 441 2103 adempta
481 2044 638 2103 equorum
678 2025 867 2103 pernicitate
908 2024 998 2085 velut
1040 2025 1142 2085 vincti
1184 2024 1408 2085 caedebantur.

283 2121 436 2201 Namque
473 2123 594 2182 mirum
629 2122 734 2199 dictu,
774 2128 810 2182 ut
842 2122 884 2182 sit
915 2122 1021 2182 omnis
1054 2122 1275 2184 Sarmatarum
1307 2122 1409 2182 virtus

283 2219 377 2281 velut
398 2224 490 2280 extra
510 2221 607 2300 ipsos.
629 2221 720 2281 Nihil
741 2220 782 2279 ad
800 2219 981 2299 pedestrem
999 2239 1142 2298 pugnam
1158 2225 1224 2281 tam
1240 2220 1408 2297 ignavum:

282 2317 342 2378 ubi
365 2337 423 2396 per
443 2323 567 2379 turmas
588 2317 762 2392 advenere,
786 2317 841 2378 vix
862 2317 931 2377 ulla
953 2317 1036 2377 acies
1058 2318 1226 2378 obstiterit.
1255 2317 1317 2378 Sed
1338 2322 1410 2376 tum

283 2414 399 2475 umido
429 2414 480 2475 die
508 2421 540 2476 et
568 2415 675 2476 soluto
702 2415 776 2492 gelu
804 2434 908 2493 neque
936 2415 1023 2474 couti
1052 2434 1157 2493 neque
1185 2414 1300 2490 gladii,
1329 2433 1410 2492 quos

232 2520 266 2575 20
284 2513 478 2592 praelongos
499 2519 636 2592 utraque
657 2532 758 2574 manu
779 2518 908 2590 regunt,
930 2512 1020 2590 usui,
1043 2511 1245 2590 lapsantibus
1267 2511 1357 2590 equis
1380 2516 1411 2570 et

285 2609 569 2689 cataphractarum
586 2610 736 2689 pondere.
761 2609 800 2670 ld
815 2609 1016 2689 principibus
1032 2614 1064 2670 ct
1078 2609 1279 2670 nobilissimo
1295 2609 1411 2686 cuique

284 2709 445 2786 tegimen,
467 2709 576 2769 ferreis
597 2709 763 2768 lamminis
785 2713 843 2768 aut
863 2708 1022 2786 praeduro
1045 2708 1129 2769 corio
1152 2711 1352 2783 consertum,
1375 2712 1411 2765 ut

285 2804 443 2867 adversus
471 2806 554 2866 ictus
575 2805 825 2885 inpenetrabile,
851 2807 898 2866 ita
918 2807 1043 2885 impetu
1066 2806 1210 2866 hostium
1232 2804 1411 2883 provolutis

284 2903 433 2963 inhabile
461 2904 502 2964 ad
523 2903 770 2981 resurgendum,
800 2903 899 2963 simul
920 2903 1093 2963 altitudine
1114 2908 1146 2963 et
1166 2902 1305 2963 mollitia
1326 2902 1411 2961 nivis

233 3009 267 3063 25
286 2999 531 3061 hauriebantur.
564 3001 729 3061 Romanus
757 3001 850 3061 miles
883 3000 986 3060 facilis
1015 3000 1113 3061 lorica
1142 3005 1173 3061 et
1201 2999 1317 3059 missili
1345 2999 1412 3078 pilo

288 3102 347 3157 aut
367 3097 490 3158 lanceis
511 3098 695 3174 adsultanS,
716 3098 773 3159 ubi
795 3117 844 3158 res
866 3103 1025 3176 posceret,
1048 3096 1112 3157 levi
1133 3096 1240 3174 gladio
1255 3097 1412 3156 inermem

288 3193 472 3255 Sarmatam
488 3198 620 3275 ‘tneque
648 3195 735 3256 enim
764 3200 855 3255 scuto
884 3193 1013 3255 defendi
1041 3213 1110 3254 mos
1140 3196 1201 3271 est)
1231 3195 1412 3254 comminus

288 3292 449 3371 fodiebat,
482 3293 583 3354 donec
604 3294 717 3373 pauci,
746 3294 802 3372 qui
824 3292 946 3371 proelio
968 3292 1209 3370 superfuerant,
1238 3291 1412 3369 paludibus

289 3389 500 3452 abderentur:
521 3390 568 3451 ibi
589 3391 723 3452 saevitia
744 3391 861 3451 hiemis
884 3410 920 3451 ac
941 3389 1113 3451 volnerum
1128 3387 1302 3466 absumpti.
1325 3389 1413 3447 Post-

233 3498 270 3551 30
290 3507 391 3566 quam
412 3487 447 3547 id
468 3488 589 3548 Romae
611 3494 830 3567 compertum,
853 3486 896 3548 M.
919 3487 1067 3565 Aponius
1089 3485 1246 3545 Moesiam
1264 3483 1413 3544 obtinens

291 3690 453 3697 ..—

327 3826 352 3878 [i.
377 3830 449 3875 metir
466 3825 496 3875 F.
519 3853 551 3861 -
570 3822 669 3889 pudore
688 3824 718 3874 F.
746 3854 776 3861 -
798 3822 823 3875 8.
843 3823 992 3873 Rhoxolani
1011 3822 1131 3873 Beroald.
1151 3820 1293 3871 rhosolanis
1312 3818 1354 3869 Fl.
1381 3848 1414 3855 —

290 3913 315 3967 9.
343 3914 468 3964 Mocsiarn
493 3914 645 3978 inruperant
670 3911 702 3962 ad
728 3912 866 3962 Acidaliae
890 3913 922 3962 ud
948 3912 1069 3962 moesiam
1089 3912 1242 3975 inruperant
1261 3910 1291 3959 F.
1319 3939 1350 3945 -
1374 3910 1414 3961 13.

291 4002 411 4054 Sarmata
430 4003 460 4054 F.
481 4033 515 4040 —
534 4001 654 4067 cupidine
673 4002 784 4066 praedae
802 4010 848 4052 aut
867 4001 1003 4051 Acidaliae
1016 4008 1061 4050 aut
1072 3998 1193 4065 cupidine
1206 3997 1318 4063 praedae
1330 3998 1360 4048 F.
1382 4026 1414 4034 -—

292 4095 334 4145 15.
362 4093 507 4159 perticitate
535 4091 577 4142 Fl.
606 4120 640 4128 -
666 4082 706 4142 lb.
736 4090 823 4141 umido
848 4090 890 4141 ul.
920 4120 952 4127 -
972 4089 1015 4142 29.
1043 4089 1135 4140 hiemis
1154 4105 1183 4138 ac
1202 4087 1356 4137 Doederlein
1374 4086 1416 4135 hic

291 4182 345 4235 mia
363 4183 394 4234 F.
