3409 4909
309 467 368 528 218
737 484 878 527 connati
899 484 1011 527 raerrr
1284 469 1317 537 (a.
1338 485 1363 520 u.
1383 468 1436 522 823

308 652 402 714 urbes
433 653 506 729 igne
537 652 666 714 caelesti
696 652 847 729 flagrasse
875 652 1101 727 concesserim,
1134 652 1180 713 ita
1209 652 1317 713 halitu
1346 652 1437 714 lacus

308 751 395 812 infici
423 758 558 828 terram,
590 750 753 830 corrumpi
782 750 988 830 superfusum
1018 749 1187 829 spiritum,
1219 769 1324 830 eoque
1351 750 1438 812 fetus

308 855 453 925 segetum
474 853 506 909 et
526 848 676 909 autumni
699 847 850 926 (ardore)
873 852 1054 926 putrescere
1075 867 1161 925 reor,
1191 847 1259 909 solo
1281 848 1438 928 caeloque

309 947 401 1007 iuxta
428 946 526 1022 gravi.
555 946 597 1008 Et
625 945 734 1007 Belius
759 946 865 1006 amnis
887 945 1022 1007 Iudaico
1043 946 1125 1006 mari
1146 945 1321 1022 inlabitur;
1352 947 1438 1007 circa

309 1044 400 1105 cuius
429 1063 465 1105 os
493 1043 594 1104 lectae
616 1063 731 1104 arenae
752 1043 899 1104 admixto
920 1044 1006 1103 nitro
1027 1042 1061 1103 in
1082 1043 1204 1104 vitrum
1226 1049 1471 1111 excocuntur.5

309 1140 476 1202 Modicum
497 1140 531 1200 id
552 1140 629 1202 litus
651 1146 684 1202 et
704 1141 907 1218 egerentibus
929 1140 1172 1202 inexhaustum.

276 1237 295 1300 8
349 1238 471 1315 Magna
495 1257 569 1317 pars
597 1237 737 1299 Iudaeae
765 1238 844 1299 vicis
869 1237 1078 1317 dispergitur3
1107 1238 1230 1299 habent
1250 1243 1282 1299 et
1304 1237 1437 1317 oppida.

309 1335 537 1414 Hierosolyma
558 1336 646 1413 genti
660 1341 767 1416 caput.
789 1336 863 1397 Illic
877 1336 1043 1397 inmensae
1058 1335 1243 1416 opulentiae
1258 1335 1437 1415 templum,

310 1438 341 1494 et
372 1433 485 1511 primis
517 1434 729 1494 munimentis
757 1433 850 1511 urbs,
884 1433 959 1495 dein
987 1434 1087 1511 regia,
1119 1433 1282 1513 templum
1310 1433 1438 1494 intimis

309 1517 468 1591 clausum.
500 1531 551 1591 Ad
582 1530 665 1592 fores
697 1537 826 1592 tantum
859 1530 980 1593 Iudaeo
1012 1532 1135 1609 aditus,
1169 1531 1282 1593 limine
1310 1536 1440 1610 praeter
1459 1546 1488 1599 10

309 1628 489 1690 sacerdotes
511 1629 710 1690 arcebantur.

350 1727 437 1787 Dum
476 1727 624 1806 Assyrios
662 1746 760 1805 penes
794 1725 972 1805 Medosque
1003 1729 1035 1788 et
1066 1727 1177 1788 Persas
1210 1726 1324 1788 Oriens
1356 1726 1436 1802 fuit,

309 1823 552 1903 despectissima
580 1844 655 1903 pars
680 1825 906 1887 servientium:
935 1830 1108 1904 postquam
1130 1824 1323 1885 Macedones
1345 1844 1437 1903 prae-

311 1922 470 2000 polluere,
508 1942 564 1983 rex
599 1922 780 1984 Antiochus
812 1921 940 1983 demere
970 1923 1233 2001 superstitionem
1264 1925 1297 1982 et
1328 1942 1437 1984 mores

311 2021 507 2081 Graecorum
528 2020 604 2081 dare
625 2021 774 2097 adnisus,
797 2039 862 2099 quo
883 2021 992 2081 minus
1014 2020 1232 2081 taeterrimam
1253 2026 1386 2097 gentem
1403 2020 1438 2081 in
1458 2038 1488 2090 15

311 2118 427 2179 melius
459 2123 614 2197 mutaret,
647 2118 840 2179 Parthorum
873 2118 957 2180 bello
985 2118 1167 2197 prohibitus
1196 2123 1244 2179 est
1251 2138 1259 2195 3
1291 2138 1372 2178 nam
1402 2138 1438 2179 ea

310 2220 502 2294 tempestate
533 2218 667 2277 Arsaces
698 2216 884 2278 desciverat.
923 2217 1008 2278 Tum
1039 2216 1169 2293 Iudaei,
1202 2215 1438 2277 Macedonibus

311 2314 479 2392 invalidis,
504 2315 632 2376 Parthis
653 2315 800 2376 nondum
822 2315 943 2376 adultis
965 2318 1011 2393 (et
1032 2314 1171 2376 Romani
1192 2312 1308 2393 procul
1328 2315 1437 2391 erant)

311 2412 372 2473 sibi
410 2413 473 2492 ipsi
511 2432 598 2490 reges
633 2414 819 2491 inposuere,
858 2412 915 2493 qui
954 2412 1134 2474 mobilitate
1168 2411 1255 2489 volgi
1289 2411 1437 2490 expulsi,

311 2516 477 2590 resumpta
498 2531 554 2590 per
576 2531 666 2572 arma
686 2511 908 2572 dominatione
930 2510 1021 2588 fugas
1043 2510 1181 2588 civium,
1203 2508 1335 2571 urbium
1351 2528 1439 2571 ever·
1456 2525 1489 2579 20

312 2610 432 2686 sioneS,
471 2609 606 2670 fratrum
647 2609 820 2686 coniugum
852 2613 1025 2687 parentum
1057 2628 1149 2669 neces
1181 2607 1309 2686 aliaque
1340 2608 1438 2669 solita

311 2707 438 2784 regibus
466 2708 536 2768 ausi
561 2707 823 2786 superstitionem
845 2706 1013 2784 fovebant,
1042 2706 1120 2785 quia
1140 2706 1244 2767 honor
1264 2704 1439 2767 sacerdotii

278 2804 553 2867 9firmamentum
584 2805 747 2883 potentiae
778 2804 1019 2866 adsumebatur.
1056 2805 1276 2865 Romanorum
1309 2803 1441 2882 primus

312 2902 373 2964 Gn.
406 2903 578 2981 Pompeius
610 2903 747 2965 Iudaeos
779 2902 907 2964 domuit
932 2901 1158 2981 templumque
1185 2900 1253 2962 iure
1281 2900 1439 2961 victoriae

312 3001 472 3076 ingressus
494 3006 551 3061 est.
573 3001 653 3062 Inde
674 3001 841 3078 volgatum
856 2999 948 3061 nulla
962 3000 1050 3060 intus
1065 2998 1162 3060 deum
1178 2997 1281 3075 effigie
1295 3017 1438 3058 vacuam
1457 3015 1491 3069 25

312 3098 421 3158 sedem
442 3105 474 3159 et
494 3098 605 3159 inania
626 3118 751 3159 arcana.
777 3098 863 3158 Muri
885 3097 1187 3175 Hierosolymorum
1208 3095 1323 3172 diruti,
1347 3094 1402 3156 del
1426 3130 1440 3142 ·

311 3196 407 3256 brum
429 3196 558 3256 mansit.
587 3196 666 3257 Mox
687 3195 775 3256 civili
796 3196 880 3255 inter
901 3214 959 3256 nos
980 3194 1082 3271 bello,
1107 3199 1280 3273 postquam
1301 3193 1337 3253 in
1360 3192 1439 3255 dici-

312 3313 407 3354 onem
429 3292 472 3353 M.
489 3293 623 3353 Antonii
638 3293 818 3370 <Orientis>
834 3292 1019 3372 provinciae
1034 3296 1208 3368 cesserant,
1230 3310 1287 3351 rex
1302 3291 1440 3352 Partho-

312 3411 384 3452 rum
406 3392 546 3452 Pacorus
567 3390 688 3452 Iudaea
710 3392 832 3470 potitus
854 3390 1105 3469 interfectusque
1126 3410 1146 3451 a
1164 3390 1197 3450 P.
1213 3388 1384 3467 Ventidio,
1406 3395 1440 3451 et

348 3608 371 3660 3.
393 3606 465 3657 atiini
484 3606 506 3656 F
525 3606 553 3655 ia
571 3623 617 3672 my.
638 3622 668 3654 m.
688 3604 705 3655 ‘2
724 3621 738 3655 e
758 3604 847 3655 autuni
869 3634 901 3641 —
922 3601 1051 3673 <ardore>
1071 3602 1176 3654 inuenti.
1197 3631 1229 3639 -
1242 3601 1267 3652 4.
1287 3601 1440 3669 Beliuslbel

313 3697 357 3747 Ius
376 3697 398 3746 F
418 3696 498 3746 bellus
517 3711 624 3761 superse.
644 3712 676 3744 m,
696 3692 712 3744 ‘2
731 3694 809 3744 Belus
828 3693 910 3744 aba.
939 3723 970 3729 —
991 3694 1016 3745 5.
1035 3692 1148 3743 harenae
1166 3691 1196 3741 F.
1217 3720 1250 3727 -
1270 3690 1339 3741 uitro
1358 3691 1382 3742 F
1400 3691 1440 3759 (ui

312 3785 338 3835 in
357 3803 407 3835 ras.
427 3785 513 3850 sei-ips.
533 3802 564 3833 mv.
584 3782 619 3847 2).
646 3812 679 3819 —
699 3783 723 3835 6.
749 3789 774 3833 et
793 3782 815 3832 F
834 3790 873 3833 set
891 3781 971 3832 Rhea.
992 3812 1026 3819 —
1045 3782 1069 3833 9.
1092 3780 1152 3832 dein
1170 3779 1242 3846 regia
1260 3779 1371 3831 Mercier
1388 3777 1436 3849 del

610 3888 697 3937 persas
707 3873 748 3936 (ur.
760 3870 787 3933 2)

313 3944 387 4008 Ingia
407 3944 437 3994 F.
458 3974 490 3979 —
513 3942 553 3994 1‘2.
573 3959 694 4008 personas
713 3943 743 3992 F.
765 3973 798 3980 -
820 3942 860 3993 13.
881 3942 1059 4008 praepolluere
1075 3940 1160 3991 Halm.
1172 3947 1343 4006 praepotuere
1352 3940 1383 3990 F.
1405 3969 1439 3977 —

384 4032 409 4083 hi
430 4030 488 4082 na?

315 4103 355 4154 Ml.
375 4103 395 4152 si
420 4035 428 4095 l
487 4034 517 4153 l‘.
544 4134 575 4140 —
597 4103 678 4167 uolgis
696 4102 779 4167 epulsi
797 4102 826 4152 F.
848 4131 881 4139 -
901 4100 943 4152 27.
963 4101 1031 4151 inter
1050 4117 1096 4151 nos
1115 4099 1238 4167 Agricola
1257 4083 1336 4149 Intno
1352 4100 1383 4150 F.
1404 4129 1439 4137 -

313 4191 355 4244 28.
383 4191 530 4260 Orientis>
550 4192 641 4242 Ritter.
662 4221 694 4228 -
715 4189 757 4242 29.
777 4207 792 4240 a
812 4191 852 4257 R]
873 4207 913 4255 ap.
934 4191 964 4241 F.
