3409 4909
307 461 347 524 58
734 479 874 523 eorunm
895 479 1007 522 raom
1281 463 1315 523 (a.
1336 480 1364 514 u.
1383 460 1433 516 822

309 647 519 725 cohortesque
547 647 798 726 praeveniebant
825 652 858 709 et
885 667 925 709 ex
946 648 1017 727 ipsa
1037 647 1116 709 urbe
1137 644 1228 707 haud
1251 646 1432 727 spernenda

307 765 441 823 manus,
464 746 606 824 quinque
628 747 805 825 praetoriae
826 745 972 807 cohortes
994 750 1026 807 et
1046 745 1194 824 equitum
1216 744 1341 807 vexilla
1359 764 1431 807 cum

308 843 432 921 legione
469 844 576 922 prima
613 864 650 905 ac
688 844 830 906 deforme
861 844 993 924 insuper
1025 843 1202 921 auxilium,
1242 842 1309 905 duo
1342 842 1430 903 milia

307 940 539 1019 gladiatorum,
577 941 632 1002 sed
663 962 720 1022 per
751 941 860 1003 civilia
891 961 981 1003 arma
1012 941 1111 1003 etiam
1142 941 1261 1003 severis
1294 940 1428 1002 ducibus

307 1044 510 1119 usurpatum.
539 1039 601 1100 His
630 1039 730 1118 copiis
758 1044 861 1101 rector
888 1038 1018 1100 additus
1045 1039 1173 1100 Annius
1195 1038 1328 1117 Gallus,
1358 1048 1454 1101 cumo

308 1137 465 1198 Vestricio
497 1136 661 1216 Spurinna
691 1136 733 1197 ad
761 1136 966 1216 occupandas
995 1136 1075 1197 Padi
1102 1137 1189 1217 ripas
1217 1138 1426 1217 praemissus,

309 1234 463 1313 quoniam
491 1235 597 1314 prima
625 1234 833 1297 consiliorum
861 1235 981 1296 frustra
1007 1234 1205 1313 ceciderant,
1233 1240 1424 1313 transgresso

307 1333 374 1393 iam
396 1332 494 1412 Alpes
516 1334 669 1410 Caecina,
691 1353 787 1412 quem
806 1335 876 1395 sisti
889 1334 976 1395 intra
991 1334 1113 1395 Gallias
1128 1352 1221 1414 posse
1236 1336 1423 1412 speraverat.

308 1432 423 1511 Ipsum
454 1431 616 1494 Othonem
648 1431 887 1493 comitabantur
917 1432 1157 1511 speculatorum
1184 1430 1270 1493 lecta
1297 1449 1422 1510 corpora

309 1548 383 1589 cum
404 1530 516 1591 ceteris
537 1530 705 1609 praetoriis
726 1530 928 1609 cohortibuS,
951 1530 1094 1592 veterani
1115 1549 1132 1591 e
1153 1531 1331 1609 praetorio,
1354 1529 1421 1591 clas·
1434 1532 1456 1588 a

309 1627 448 1689 sicerum
469 1628 581 1706 ingens
602 1647 766 1689 numerus.
788 1628 853 1689 Nec
875 1628 924 1688 illi
945 1648 1039 1706 segne
1061 1632 1117 1689 aut
1138 1633 1328 1707 corruptum
1349 1627 1419 1687 luxu

308 1726 383 1803 iter,
406 1726 461 1788 sed
483 1725 581 1787 lorica
602 1725 703 1786 ferrea
723 1744 801 1786 usus
823 1730 896 1803 est,
909 1730 941 1787 et
961 1731 1035 1787 ante
1057 1726 1148 1803 signa
1161 1725 1260 1807 pedes
1275 1726 1337 1804 ire,
1359 1726 1419 1786 har·

309 1823 398 1890 vidus
420 1824 603 1902 incomptus
624 1823 794 1901 famaeque
815 1822 990 1884 dissimilis.

257 1919 295 1979 12
348 1921 581 1983 Blandiebatur
607 1922 728 2001 coeptis
755 1921 901 1999 fortuna,
930 1941 1075 2000 possesso
1097 1941 1153 2001 per
1173 1939 1274 1982 naues
1296 1920 1419 1982 marist
1460 1993 1464 2002 Ι

309 2020 430 2081 maiore
451 2022 563 2099 <orae>
585 2020 699 2081 Italiae
721 2025 812 2099 parte
832 2020 962 2099 penitus
983 2038 1086 2097 usque
1104 2018 1147 2079 ad
1161 2018 1294 2079 initium
1309 2016 1418 2078 mariti·
1431 2021 1453 2074 li

309 2137 436 2178 marum
469 2117 620 2197 Alpium,
652 2118 770 2195 quibus
802 2117 1000 2197 temptandis
1030 2115 1330 2195 adgrediendaeque
1359 2133 1418 2195 pro

309 2216 434 2278 vinciae
449 2217 649 2278 Narbonensi
661 2216 817 2278 Suedium
828 2217 1037 2293 Clementem,
1049 2203 1234 2278 'Antonium
1246 2214 1418 2289 Novellum,

310 2314 487 2375 Aemilium
515 2315 690 2376 Pacensem
712 2314 809 2375 duces
830 2313 971 2375 dederat.
1001 2314 1063 2375 Sed
1085 2313 1234 2375 Pacensis
1256 2333 1314 2393 per
1335 2313 1419 2375 licen·

309 2413 390 2474 tiam
421 2412 564 2474 militum
597 2413 741 2490 vinctus,
774 2413 917 2474 Antonio
949 2412 1084 2474 Novello
1116 2410 1207 2471 nulla
1238 2411 1420 2473 auctoritas:
1460 2441 1464 2448 ·

310 2510 447 2572 Suedius
479 2511 627 2572 Clemens
659 2511 830 2572 ambitioso
862 2510 998 2590 imperio
1029 2510 1173 2589 regebat,
1209 2514 1246 2570 ut
1277 2509 1457 2571 adversusit

309 2609 501 2671 modestiam
540 2608 729 2688 disciplinae
763 2610 961 2689 corruptius,
999 2609 1045 2671 ita
1076 2608 1274 2689 proeliorum
1305 2607 1421 2671 avidus.

310 2708 383 2769 Non
404 2708 500 2769 Italia
522 2707 604 2768 adiri
626 2725 684 2767 nec
705 2707 776 2768 loca
796 2706 951 2785 sedesque
972 2707 1095 2786 patriae
1117 2706 1329 2769 videbantur:
1350 2712 1423 2769 tam·

310 2825 409 2884 quam
437 2811 569 2867 externa
593 2805 688 2866 litora
710 2810 741 2866 et
761 2805 856 2866 urbes
878 2806 1022 2866 hostium
1043 2824 1134 2865 urere
1155 2808 1283 2866 vastare
1303 2822 1423 2884 rapere.

310 2923 354 2964 eo>
376 2903 528 2980 atrocius,
557 2903 644 2981 quod
669 2903 752 2964 nihil
772 2922 911 2981 usquam
932 2904 1099 2982 provisum
1120 2902 1293 2963 adversum
1315 2907 1424 2964 metus.

310 3002 401 3062 Pleni
423 3001 506 3079 agri,
533 3007 662 3081 apertae
683 3000 815 3079 domus;
837 3007 1041 3063 occursantes
1062 3001 1301 3089 dominiuiuxta
1324 3002 1426 3063 coniu·
1440 3003 1464 3057 25

310 3118 363 3177 ges
381 3105 413 3160 et
426 3099 543 3160 liberos
558 3100 727 3161 securitate
742 3100 830 3179 pacis
845 3105 878 3161 et
891 3100 968 3161 belli
983 3100 1069 3160 malo
1084 3100 1427 3163 circumveniebantur.

311 3197 491 3258 Maritimus
523 3203 594 3258 tum
621 3198 720 3278 Alpes
748 3198 879 3259 tenebat
906 3201 1093 3275 procurator
1121 3197 1243 3258 Marius
1273 3197 1426 3260 Maturus.

310 3296 343 3355 Is
365 3295 491 3356 concita
510 3301 604 3373 gente
620 3299 692 3374 (nec
708 3295 796 3357 deest
810 3296 977 3372 iuventus)
993 3313 1098 3355 arcere
1112 3293 1298 3374 provinciae
1313 3294 1429 3356 finibus

311 3395 512 3457 Othonianos
550 3394 705 3470 intendit;
744 3393 799 3454 sed
832 3393 937 3473 primo
968 3392 1094 3471 impetu
1126 3391 1210 3453 eaesi
1241 3391 1429 3471 disiectique

348 3649 370 3699 1.
389 3646 532 3712 cohortisq3
551 3645 593 3696 Fl.
614 3676 647 3683 -
667 3644 691 3695 2.
712 3644 813 3711 quitum
831 3642 873 3695 Fl.
894 3674 928 3681 -
949 3641 989 3693 12.
1010 3642 1087 3708 pedes
1105 3641 1144 3693 ire
1156 3640 1262 3709 Madviq
1275 3641 1350 3693 caira
1363 3641 1430 3692 lectio

304 3738 421 3803 firmatur
440 3755 468 3787 eo
488 3737 555 3803 quod
574 3735 652 3788 5916
672 3742 695 3785 ct
714 3734 794 3787 6714
813 3733 983 3783 Treuirorum
1003 3732 1067 3782 abiu
1079 3732 1107 3781 ia
1119 3730 1300 3795 ireuirorum3
1314 3730 1430 3797 pedestre

310 3826 333 3876 F
359 3826 407 3876 hor
425 3823 427 3894 l
446 3825 494 3875 dus
519 3825 660 3890 Inconptus
684 3823 714 3873 F.
744 3852 776 3860 -
804 3822 844 3873 14.
874 3837 989 3887 possesso
1018 3837 1064 3887 per
1089 3836 1170 3870 naues
1194 3818 1261 3869 mari
1285 3826 1311 3870 et
1335 3818 1430 3870 maiore

312 3914 422 3982 Speapcl
445 3931 559 3980 possessa
582 3930 629 3979 per
653 3929 725 3963 mare
749 3919 775 3962 et
798 3928 878 3961 naves
904 3918 929 3961 et
946 3909 1045 3960 maiore
1064 3909 1094 3959 F.
1114 3939 1148 3947 —
1170 3909 1210 3961 15.
1238 3905 1338 3977 (orae)
1357 3909 1429 3959 iasar.

311 4002 416 4070 llchoa'p
435 4011 521 4068 partes
539 4003 562 4053 F
581 4005 603 4069 (s
622 4002 703 4051 deleta
721 4004 775 4065 eat).
796 4031 830 4038 -
851 4001 891 4052 17.
911 3998 1079 4049 narbonensis
1092 3998 1122 4049 F.
1143 4027 1176 4034 -
1189 3995 1232 4048 21.
1252 3995 1429 4064 corruptiusF

310 4099 446 4157 corruptus
475 4091 514 4154 G,
543 4091 640 4152 Rara,
672 4088 752 4156 Nipp.
779 4119 811 4127 —
837 4088 880 4139 22.
907 4088 985 4138 adiris
1011 4089 1032 4156 (s
1057 4087 1139 4137 deleta
1161 4087 1214 4152 cst).
1241 4114 1275 4124 —
1293 4083 1337 4138 26.
1362 4084 1430 4151 patus

312 4182 357 4249 [et]
375 4180 435 4231 belli
454 4180 598 4230 Acidaliae.
619 4207 651 4215 -
671 4176 713 4230 27.
733 4178 814 4230 Marti
832 4182 918 4228 mastr‘r
937 4176 966 4227 F.
