3409 4909
240 489 266 538 p.
285 471 336 524 Ch.
356 471 403 538 69)
577 488 806 531 nrsronrnnun
827 470 884 530 IV.
908 470 1033 531 11-14.
1309 470 1368 531 163

241 656 356 719 adtriti
387 656 473 719 viros
494 661 624 718 tantum
645 676 800 736 armaque
820 656 957 736 imperio
979 657 1182 736 ministrant,
1214 654 1271 715 diu
1292 657 1367 717 Ger-

241 754 381 815 manicis
407 754 503 816 bellis
530 755 678 831 exerciti,
706 774 785 816 mox
813 759 909 816 aucta
937 774 993 833 per
1020 754 1223 815 Britanniam
1251 753 1367 831 gloria,
1387 754 1412 815 Ι.
1434 752 1474 815 59

241 852 442 913 transmissis
462 852 541 922 illuc
562 852 766 930 cohortibus,
788 871 869 931 quas
888 856 995 914 vetere
1009 852 1159 913 instituto
1174 851 1368 913 nobilissimi

241 948 452 1030 popularium
473 949 635 1027 regebant.
657 950 735 1010 Erat
750 955 782 1010 et
795 950 886 1011 domi
901 950 1044 1012 delectus
1059 969 1172 1029 eques,
1195 950 1368 1030 praecipuo

205 1045 345 1112 onandi
373 1045 498 1125 studio,
527 1049 598 1126 <et>
628 1067 717 1108 arma
744 1067 908 1127 equosque
936 1048 1077 1109 retinens
1099 1048 1231 1125 integris
1252 1048 1368 1109 turmis

242 1144 397 1205 Rhenum
435 1163 651 1223 perrumpere.
689 1145 794 1207 Iulius
832 1145 953 1206 Paulus
988 1151 1020 1207 et
1051 1145 1206 1207 Claudius
1239 1146 1367 1223 Civilis,
1384 1151 1422 1213 13

242 1241 330 1319 regia
368 1241 483 1321 stirpe,
520 1242 625 1303 multo
664 1246 784 1305 ceteros
823 1243 999 1305 anteibant.
1040 1244 1179 1304 Paulum
1214 1243 1368 1304 Fonteius

243 1338 361 1418 Capito
398 1338 479 1401 falso
510 1340 694 1402 rebellionis
725 1342 860 1402 crimine
890 1340 1066 1402 interfecit:
1105 1341 1241 1402 iniectae
1273 1340 1369 1402 Civili

243 1442 393 1513 catenae,
422 1437 605 1518 missusque
633 1439 675 1500 ad
702 1440 863 1501 Neronem
892 1444 924 1500 et
952 1459 971 1499 a
993 1439 1098 1500 Galba
1120 1438 1287 1500 absolutus
1309 1438 1369 1499 sub

196 1545 229 1600 10
245 1534 379 1595 Vitellio
412 1553 522 1597 rursus
546 1536 725 1599 discrimen
752 1536 848 1615 adiit,
879 1537 1046 1615 flagitante
1074 1536 1271 1616 supplicium
1300 1537 1369 1597 eius

244 1633 398 1693 exercitu.
421 1633 502 1695 Inde
524 1654 640 1695 causac
660 1634 799 1711 irarum,
821 1654 958 1715 spesque
980 1655 1021 1696 ex
1042 1635 1137 1695 malis
1158 1636 1285 1695 nostris.
1307 1633 1370 1695 Sed

192 1747 197 1816 Ἰ
244 1729 359 1792 Civilis
397 1730 498 1808 ultra,
538 1752 638 1811 quam
673 1732 817 1794 barbaris
849 1733 998 1811 solitum,
1037 1733 1165 1810 ingenio
1196 1733 1306 1794 sollers
1338 1737 1370 1792 et

192 1853 200 1880 ι
244 1826 425 1889 Sertorium
455 1847 488 1889 se
520 1835 577 1892 aut
606 1830 801 1905 Annibalem
829 1829 934 1891 ferens
963 1830 1061 1890 simili
1089 1830 1152 1891 cris
1181 1830 1369 1891 dehonesta-

192 1919 194 2008 ᾗ
244 1930 372 2001 mente,
403 1945 445 1986 ne
475 1932 513 1987 ut
542 1928 630 1989 hosti
661 1927 791 1990 obviam
822 1929 936 2004 iretur,
969 1929 996 1989 si
1027 1948 1046 1989 a
1073 1927 1195 2007 populo
1222 1929 1369 1989 Romano

191 2023 231 2092 {lt
244 2025 357 2104 palam
379 2023 579 2103 descivisset,
601 2027 793 2106 Vespasiani
811 2027 988 2087 amicitiam
1003 2026 1213 2104 studiumque
1228 2027 1369 2106 partium

244 2121 446 2203 praetendit,
467 2124 574 2185 missis
595 2144 672 2186 sane
688 2124 730 2185 ad
744 2144 819 2185 eum
834 2126 935 2195 Primi
949 2126 1084 2186 Antonii
1098 2125 1229 2201 litteris,
1251 2125 1369 2204 quibus

245 2225 391 2283 avertere
411 2221 513 2283 accita
535 2222 667 2283 Vitellio
688 2222 812 2284 auxilia
833 2227 865 2284 et
885 2222 1047 2284 tumultus
1066 2223 1250 2284 Germanici
1264 2223 1424 2302 specieII.
1437 2228 1475 2291 97

244 2322 405 2380 retentare
443 2319 583 2397 legiones
621 2321 801 2383 iubebatur.
841 2320 964 2382 Eadem
997 2321 1203 2382 Hordeonius
1234 2321 1369 2381 Flaccus
1381 2325 1424 2386 ΙΙ.
1437 2325 1475 2391 57

244 2435 400 2496 praesens
428 2423 613 2497 monuerat,
642 2419 798 2481 inclinato
826 2420 861 2479 in
883 2420 1120 2498 Vespasianum
1142 2419 1251 2480 animo
1273 2424 1305 2479 et
1326 2419 1371 2478 rei

191 2513 227 2576 20
244 2513 399 2594 publicae
426 2534 518 2592 cura,
550 2516 603 2577 cui
630 2516 794 2578 excidium
823 2517 1035 2590 adventabat,
1064 2517 1091 2577 si
1119 2516 1370 2593 redintegratum

244 2611 372 2673 bellum
394 2616 426 2672 et
445 2617 495 2674 tot
515 2599 713 2675 armatorum
735 2614 826 2674 milia
847 2614 979 2674 Italiam
1001 2613 1207 2692 inrupissent.
1284 2687 1287 2693 ἱ

287 2709 394 2786 Igitur
420 2709 532 2772 Civilis
557 2710 754 2773 desciscendi
775 2716 896 2789 certus,
925 2711 1085 2773 occultato
1106 2711 1236 2771 interim
1257 2710 1370 2771 altiore
1385 2716 1424 2776 14

246 2806 399 2884 oonsilio,
421 2813 526 2869 cetera
547 2828 588 2869 ex
608 2814 727 2870 eventu
748 2809 965 2887 iudicaturus,
988 2828 1106 2870 novare
1127 2828 1176 2869 res
1198 2809 1260 2869 hcc
1274 2808 1370 2868 modo

246 2904 364 2983 coepit.
385 2904 481 2966 Iussu
503 2906 626 2967 Vitellii
647 2906 845 2968 Batavorum
866 2908 1018 2967 iuventus
1040 2905 1081 2966 ad
1103 2906 1257 2966 dilectum
1279 2924 1371 2966 voca-

189 3003 230 3068 25
246 3001 360 3080 batur,
389 3021 486 3081 quem
513 3008 628 3083 suapte
648 3010 765 3066 natura
786 3024 916 3082 gravem
938 3003 1115 3064 onerabant
1137 3003 1277 3064 ministri
1298 3022 1371 3063 ava-

249 3099 324 3160 ritia
345 3118 383 3159 ac
403 3099 501 3177 luxu,
530 3119 621 3162 senes
642 3108 700 3162 aut
719 3100 881 3164 invalidos
903 3100 1139 3180 conquirend0,
1166 3120 1247 3180 quos
1268 3100 1371 3179 pretio

250 3194 451 3257 dimitterent
457 3217 465 3273 3
497 3216 607 3259 rursus
638 3198 791 3277 inpubes,
827 3197 883 3259 scd
915 3198 1018 3259 forma
1051 3198 1216 3276 conspicui
1248 3200 1294 3275 (et
1324 3201 1372 3256 est

286 3422 310 3472 1.
336 3420 517 3472 ministrabunt
539 3421 634 3473 Wurm.
662 3452 694 3460 -
713 3420 738 3472 2.
758 3422 839 3488 gloria
858 3422 926 3490 (cet.
947 3421 1000 3488 eat).
1022 3451 1053 3458 -
1074 3422 1098 3472 4.
1119 3428 1193 3472 erant
1211 3420 1233 3471 F
1253 3420 1371 3471 adsuerat

252 3509 292 3559 cel
309 3508 425 3559 insuerat
442 3508 569 3560 Heinisclt
586 3517 691 3560 ruerant
709 3509 836 3560 Heracus.
864 3540 896 3547 —
917 3512 940 3563 5.
970 3528 1041 3581 orme
1054 3509 1056 3580 l
1069 3510 1164 3576 quosq;
1189 3507 1294 3577 F<et>
1314 3527 1372 3575 sap-

252 3598 330 3661 pleuit
354 3597 378 3647 I.
402 3596 512 3649 Mueller
530 3599 568 3649 cll.
590 3598 683 3667 [Caes]
702 3600 733 3650 B.
753 3599 786 3650 G.
806 3599 902 3651 8.l9.l.
930 3629 962 3636 —
983 3600 1006 3652 6.
1029 3606 1087 3665 post
1105 3615 1272 3664 perrumpere
1292 3597 1372 3647 Halm

254 3685 368 3738 barnam
386 3687 485 3751 statuit
504 3688 769 3752 cliicddantsuetus,
788 3689 832 3739 cel
841 3688 942 3752 solitus,
962 3688 1154 3751 oclerercituS,
1173 3687 1320 3737 ucldcctus.
1338 3715 1371 3723 -

252 3773 333 3827 Iulius
352 3776 449 3827 Paulus
467 3784 492 3827 et
510 3776 632 3827 Claudius
651 3776 740 3828 Ciuilis
758 3778 824 3843 Fcs.
841 3776 932 3840 1768,
955 3777 1038 3827 Iulius
1048 3777 1145 3827 Paulus
1155 3784 1180 3827 ot
1191 3776 1273 3826 lulius
1283 3775 1372 3826 Civilis

251 3862 348 3927 Ritter,
367 3864 451 3915 Halm
468 3865 507 3917 cll.
527 3865 549 3916 I.
570 3866 617 3928 59,
636 3866 785 3917 Frontinus.
805 3866 884 3917 Strat.
904 3866 929 3917 4.
949 3866 1024 3929 314,
1044 3865 1126 3916 Iulius
1145 3865 1234 3915 Civilis
1253 3872 1278 3915 ct
1297 3863 1371 3915 Clau-

248 4005 309 4058 dius
326 4006 426 4057 Paulus
443 4006 571 4058 Heraeus.
592 4038 624 4044 —
645 4009 669 4059 7.
693 4009 786 4059 multos
805 4009 835 4059 F.
857 4038 890 4045 -
910 3954 1023 4058 antcibdl
1038 4008 1068 4058 F.
1095 4037 1128 4044 -
1150 4007 1190 4060 10.
1216 4007 1269 4057 adit
1287 4008 1317 4057 F.
1339 4037 1371 4044 -

251 4096 292 4149 13.
313 4096 369 4163 aut]
389 4095 460 4146 haud
478 4096 508 4147 F.
529 4126 561 4133 —
584 4097 624 4147 17.
644 4105 770 4148 auerteret
789 4097 818 4147 F.
840 4126 873 4134 —
895 4096 934 4148 19.
955 4095 1108 4162 uespanr‘rF
1125 4095 1317 4161 (1161066111).
1339 4126 1371 4133 -

247 4183 293 4239 23.
314 4184 495 4237 moderaturus
515 4184 760 4237 (1111616161.
781 4215 813 4223 —
833 4185 875 4236 24.
895 4186 1002 4235 dilectus
1021 4185 1043 4234 F
1062 4189 1084 4249 (s
1102 4185 1149 4235 del.
1171 4183 1224 4251 eat).

1219 4276 1227 4311 1
1236 4274 1265 4311 1*
