3409 4909
311 451 351 511 44
738 467 879 510 connum
901 467 1012 510 raeiri
1282 453 1318 516 (a.
1337 468 1362 502 u.
1380 449 1425 503 822

311 637 502 717 triumphali
531 642 655 713 statua,
685 636 808 696 Fulvus
836 636 987 697 Aurelius
1016 641 1048 697 et
1076 636 1225 696 Iulianus
1247 636 1374 697 Tettius
1395 656 1426 697 aa

312 736 479 796 Numisius
501 735 629 813 Lupus,
658 734 756 811 legati
777 734 958 812 legionum,
988 734 1213 795 consularibus
1234 735 1427 796 ornamentis
1468 777 1470 788 .

312 833 489 911 donantur,
511 833 596 893 laeto
618 832 745 893 Othone
768 836 799 892 et
819 832 955 909 gloriam
976 832 1010 891 in
1029 851 1063 892 se
1077 830 1243 907 trahente,
1264 836 1427 911 tamquam

311 936 343 991 et
369 932 438 1009 ipse
467 930 545 991 felix
573 930 659 991 bello
688 935 720 991 et
748 930 814 990 suis
837 929 974 990 ducibus
996 929 1128 1009 suisque
1149 928 1347 991 exercitibus
1368 949 1428 990 rem

310 1028 476 1108 publicam
497 1028 650 1088 auxisset.
1443 1037 1455 1089 ὅ

257 1126 297 1187 80
351 1127 454 1186 Parvo
480 1125 609 1185 interim
637 1124 747 1200 initio,
777 1124 863 1184 unde
891 1123 974 1183 nihil
1001 1123 1193 1201 timebatur,
1223 1129 1294 1185 orta
1320 1123 1429 1185 seditio

311 1243 410 1302 prope
441 1223 514 1284 urbi
545 1222 672 1283 excidio
700 1221 771 1282 fuit.
803 1220 995 1299 Septumam
1023 1220 1195 1282 decumam
1223 1221 1390 1283 cohortem
1415 1240 1429 1282 e

311 1322 438 1383 colonia
465 1322 606 1382 Ostiensi
634 1321 667 1381 in
693 1320 807 1381 urbem
835 1320 930 1380 acciri
961 1320 1046 1381 Otho
1074 1320 1226 1396 iusserat3
1260 1320 1430 1380 armandae

311 1420 379 1480 eius
401 1439 478 1480 cura
498 1419 597 1478 Vario
619 1419 767 1497 Crispino
788 1417 919 1478 tribuno
941 1437 957 1478 e
979 1418 1190 1497 praetorianis
1212 1418 1298 1478 data.
1323 1418 1430 1497 Isque

311 1518 412 1594 magis
452 1536 574 1578 vacuus
606 1517 723 1594 quietis
755 1516 867 1576 eastris
899 1516 986 1577 iussa
1017 1521 1245 1596 exequeretur,
1283 1516 1431 1577 vehicula
1447 1525 1469 1578 lt

311 1615 450 1676 cohortis
478 1614 647 1694 incipienti
668 1619 761 1675 nocte
783 1614 909 1675 onerari
930 1621 1041 1693 operto
1063 1614 1314 1675 armamentario
1336 1615 1429 1675 iubet.

310 1712 453 1790 Tempus
474 1713 508 1771 in
530 1711 763 1790 suspicionem,
792 1730 889 1771 causa
910 1712 944 1771 in
966 1712 1103 1789 crimen,
1131 1712 1294 1773 affectatio
1317 1712 1430 1791 quietis

309 1810 343 1870 in
365 1810 545 1871 tumultum
567 1809 705 1884 evaluit;
734 1813 766 1869 et
787 1810 857 1870 visa
877 1810 961 1869 inter
981 1809 1177 1870 temulentos
1198 1829 1290 1870 arma
1311 1809 1431 1890 cupidi-

309 1927 384 1968 nem
414 1909 464 1968 sui
492 1927 629 1968 movere.
659 1907 781 1967 Fremit
808 1906 902 1967 miles
930 1910 962 1967 et
989 1906 1137 1967 tribunos
1165 1907 1431 1986 centurionesque

310 2005 501 2083 proditionis
530 2005 650 2081 arguit,
679 2009 848 2083 tamquam
876 2004 1018 2064 familiae
1047 2010 1233 2066 senatorum
1262 2004 1304 2065 ad
1330 2005 1431 2084 perui·
1448 2013 1470 2065 lt

310 2104 391 2163 ciem
414 2103 552 2164 Othonis
574 2107 792 2176 armarentur,
814 2122 888 2181 pars
909 2103 1012 2179 ignari
1034 2108 1066 2163 et
1087 2103 1163 2163 vino
1183 2121 1313 2181 graves,
1336 2104 1431 2182 pessi·

309 2219 382 2261 mus
404 2200 527 2280 quique
547 2201 582 2259 in
603 2205 804 2261 occasionem
827 2199 1036 2278 praedarum,
1061 2202 1190 2277 volgus„
1219 2206 1257 2261 ut
1277 2220 1350 2262 mos
1371 2207 1430 2278 est,

310 2299 543 2375 cuiuscumque
571 2303 679 2358 motus
707 2298 785 2359 novi
813 2297 986 2375 cupidum3
1019 2303 1051 2359 et
1078 2298 1233 2378 obsequia
1260 2299 1430 2360 meliorum

308 2413 376 2454 nox
404 2394 589 2456 abstulerat.
620 2394 833 2455 Resistentem
857 2395 1009 2456 seditioni
1030 2395 1199 2457 tribunum
1221 2401 1253 2457 et
1273 2397 1431 2458 severissi-

310 2511 380 2552 mos
411 2494 638 2553 centurionum
669 2492 880 2569 obtruncant3
912 2498 1005 2572 rapta
1036 2513 1141 2571 arma,
1173 2493 1289 2554 nudati
1317 2494 1470 2572 gladium

309 2590 485 2651 insidentes
507 2592 598 2670 equis
620 2589 733 2651 urbem
755 2609 791 2650 ae
813 2590 976 2650 Palatium
997 2596 1122 2669 petunt.

256 2699 293 2759 81
350 2689 428 2749 Erat
456 2688 578 2750 Othoni
606 2688 728 2748 celebre
756 2688 944 2749 convivium
968 2688 1163 2766 primoribus
1191 2688 1322 2749 feminis
1344 2690 1431 2750 viris·

309 2805 388 2865 que,
417 2787 474 2865 qui
494 2787 628 2865 trepidi,
658 2786 853 2847 fortuitusne
876 2786 1020 2847 militum
1041 2787 1130 2847 furor
1151 2806 1193 2847 on
1215 2786 1311 2847 dolus
1333 2788 1432 2867 impe

309 2886 439 2962 ratoris,
470 2904 598 2945 manere
624 2904 661 2944 ac
683 2883 881 2962 deprehendi
902 2903 944 2944 an
965 2884 1073 2961 fugere
1095 2889 1128 2945 et
1148 2883 1288 2963 dispergi
1310 2885 1432 2963 pericu-

308 2983 409 3043 losius
436 2983 533 3058 foret,
562 2983 659 3043 modo
688 2982 904 3043 constantiam
933 2981 1102 3060 simulare,
1134 2981 1231 3042 modo
1259 2982 1432 3044 formidine
1447 2990 1470 3044 u

309 3079 429 3158 detegi,
452 3080 550 3140 simul
573 3079 709 3141 Othonis
732 3080 859 3140 voltum
874 3080 1008 3140 intueri:
1030 3083 1131 3158 utque
1145 3079 1254 3140 evenit
1268 3080 1432 3141 inclinatis

309 3178 351 3238 ad
382 3178 598 3257 suspicionem
631 3177 810 3253 mentibus,
845 3195 920 3238 cum
952 3178 1081 3237 timeret
1113 3177 1214 3255 Otho,
1246 3177 1431 3239 timebatur.

309 3274 372 3336 Sed
399 3274 488 3335 haud
515 3292 606 3335 secus
635 3274 819 3335 discrimine
847 3279 978 3335 senatus
1007 3293 1107 3353 quam
1135 3294 1193 3335 suo
1221 3276 1369 3352 territus,
1401 3280 1433 3337 et

308 3375 486 3453 praefectos
507 3374 659 3452 praetorii
681 3374 722 3434 od
743 3372 939 3450 mitigandas
960 3373 1104 3433 militum
1124 3373 1188 3434 iras
1209 3373 1322 3433 statim
1339 3374 1432 3435 mise

309 3478 374 3549 rat,
405 3477 438 3533 et
465 3471 553 3532 abire
580 3491 715 3551 propere
743 3490 856 3531 omnes
884 3490 901 3530 e
930 3471 1080 3532 convivio
1107 3470 1211 3531 iussit.
1242 3471 1326 3531 Tum
1356 3491 1432 3533 vero
1449 3479 1470 3534 31

308 3686 474 3729 servorum
502 3668 684 3746 frequentia
712 3686 802 3727 senes
830 3666 1034 3746 feminaeque
1057 3687 1114 3745 per
1134 3666 1283 3727 tenebras
1304 3666 1433 3728 diversa

308 3766 396 3827 urbis
425 3766 557 3843 itinera,
586 3766 649 3826 rari
677 3765 807 3841 domos,
836 3765 970 3843 plurimi
998 3766 1176 3825 amicorum
1205 3769 1306 3842 tecta,
1336 3770 1368 3825 et
1396 3770 1434 3826 ut

346 3982 368 4031 1.
396 3980 495 4030 Fulvus
518 3980 643 4046 Berytesi
665 3980 762 4030 fulvius
790 3980 820 4031 F.
850 4010 883 4016 -
909 3979 1011 4031 Tettius
1035 3982 1064 4045 ej.
1089 3980 1126 4030 [Ι.
1152 3979 1201 4044 85,
1227 3980 1276 4031 lv.
1301 3979 1382 4033 3940
1407 3989 1433 4032 et

308 4070 379 4120 titius
398 4070 428 4120 F.
453 4098 480 4106 -
504 4070 544 4120 11.
564 4067 699 4138 oneraria)
719 4069 742 4119 F
746 4068 762 4119 ¹.
783 4098 815 4107 —
832 4069 872 4119 12.
892 4069 1039 4135 Inspicione
1051 4068 1094 4119 ΡΙ.
1114 4099 1148 4106 -
1163 4069 1204 4121 18.
1224 4069 1333 4135 cupidus
1346 4069 1376 4120 F.
1399 4100 1432 4107 -

310 4158 350 4210 19.
370 4157 502 4208 seditione.
523 4187 555 4193 -
575 4155 617 4208 27.
638 4157 783 4223 adspiciens
802 4159 831 4223 cf.
851 4175 885 4208 ua.
908 4155 947 4208 12.
