3409 4909
313 494 371 555 102
740 512 879 554 corruam
901 511 1012 554 raorrr
1285 496 1317 562 (a.
1338 513 1362 547 u.
1383 495 1434 549 822

311 679 432 740 Liberti
469 680 654 760 principum
693 680 835 741 conferre
873 700 931 760 pro
962 700 1098 741 numero
1130 681 1367 760 mancipiorum
1399 687 1436 743 ut

311 778 470 838 tributum
497 778 585 838 iussi.
616 779 690 857 Ipse
718 778 787 839 sola
815 778 972 858 perdendi
994 798 1070 840 cura
1091 778 1220 839 stabula
1241 779 1359 856 aurigis
1382 799 1435 840 ex-

311 880 432 953 truere,
461 876 582 936 circum
608 875 825 953 gladiatorum
846 876 1051 955 ferarumque
1073 876 1265 955 spectaculis
1287 877 1434 955 opplere,

258 972 297 1035 95
311 970 480 1052 tamquam
505 974 539 1034 in
560 993 690 1034 summa
711 973 912 1035 abundantia
933 974 1088 1053 pecuniae
1109 973 1264 1035 inludere.
1294 974 1382 1045 Quin
1403 979 1437 1035 et

311 1069 453 1131 natalem
488 1070 611 1132 Vitellii
640 1071 727 1131 diem
755 1071 893 1132 Caecina
921 1091 958 1132 ac
985 1071 1106 1132 Valens
1134 1072 1229 1132 editis
1257 1076 1326 1133 tota
1353 1072 1470 1135 urbe5

311 1168 443 1229 vicatim
474 1167 706 1246 gladiatoribus
738 1167 954 1244 celebravere,
992 1168 1115 1245 ingenti
1147 1173 1261 1248 paratu
1296 1174 1328 1229 et
1360 1176 1436 1230 ante

311 1265 406 1326 illum
434 1265 521 1326 diem
548 1266 689 1328 insolito.
718 1267 853 1327 Laetum
876 1266 1062 1327 foedissimo
1084 1266 1201 1345 cuique
1223 1266 1310 1345 apud
1332 1267 1435 1328 bonos

311 1363 452 1424 invidiae
479 1363 557 1441 fuit,
587 1364 674 1443 quod
702 1364 858 1425 extructis
885 1364 920 1423 in
942 1383 1057 1442 campo
1078 1363 1196 1424 Martio
1218 1364 1281 1424 aris
1303 1363 1436 1424 inferias

310 1460 430 1521 Neroni
450 1461 585 1522 fecisset.
608 1461 726 1521 Caesae
747 1459 877 1540 publice
899 1460 1050 1522 victimae
1066 1466 1305 1540 cremataeque3
1328 1461 1434 1522 facem

312 1558 505 1635 Augustales
519 1551 705 1635 subdidere,
721 1558 809 1637 quod
824 1558 1040 1619 sacerdotium
1049 1607 1056 1636 ,
1072 1562 1109 1619 ut
1120 1558 1279 1619 Romulus
1291 1559 1434 1638 <Titios>
1455 1569 1487 1623 10

311 1656 404 1717 Tatio
426 1656 506 1733 regi,
528 1657 574 1716 ita
594 1656 710 1717 Caesar
728 1655 875 1717 Tiberius
890 1655 994 1716 lullae
1008 1655 1095 1733 genti
1110 1657 1256 1717 sacravit.
1279 1655 1436 1717 Nondum

311 1758 445 1832 quartus
483 1773 502 1813 a
539 1753 675 1816 victoria
712 1753 849 1829 mensis,
888 1757 920 1813 et
951 1752 1085 1814 libertus
1117 1753 1241 1814 Vitellii
1272 1754 1436 1814 Asiaticus

311 1851 486 1930 Polyclitos
518 1852 685 1913 Patrobios
717 1856 749 1912 et
780 1857 888 1913 vetera
920 1851 1070 1912 odiorum
1102 1851 1235 1912 nomina
1264 1851 1434 1930 aequabat.

311 1950 414 2010 Nemo
435 1950 470 2009 in
491 1949 548 2009 illa
569 1949 644 2009 aula
665 1949 825 2029 probitate
847 1953 905 2009 aut
924 1949 1085 2009 industria
1102 1949 1252 2025 certavit3
1274 1968 1379 2009 unum
1394 1949 1436 2009 ad

311 2048 491 2125 potentiam
519 2047 595 2125 iter,
624 2047 766 2126 prodigis
794 2048 898 2126 epulis
924 2052 956 2109 et
977 2052 1111 2126 sumptu
1130 2066 1297 2126 ganeaque
1318 2047 1435 2108 satiare
1456 2058 1486 2110 15

310 2144 522 2224 inexplebiles
555 2144 679 2205 Vitellii
707 2145 867 2206 libidines.
897 2146 971 2224 Ipse
1000 2144 1128 2205 abunde
1156 2149 1260 2222 ratus,
1290 2145 1318 2205 si
1346 2164 1436 2224 prae-

312 2243 457 2303 sentibus
484 2243 658 2321 frueretur,
687 2263 746 2304 nec
769 2243 804 2303 in
831 2243 959 2321 longius
986 2242 1189 2321 consultans,
1219 2243 1354 2305 noviens
1376 2243 1435 2303 mi-

311 2340 393 2401 liens
421 2341 604 2402 sestertium
633 2341 836 2420 paucissimis
859 2341 1024 2402 mensibus
1045 2340 1261 2402 intervertisse
1283 2340 1433 2401 creditur.

312 2437 431 2514 Magna
458 2442 490 2498 et
517 2438 634 2499 misera
663 2438 792 2515 civitas,
820 2437 936 2499 eodem
964 2457 1049 2499 anno
1078 2438 1242 2500 Othonem
1263 2438 1436 2500 Vitellium

311 2553 419 2613 passa,
441 2535 525 2596 inter
545 2535 659 2597 Vinios
681 2535 814 2613 Fabios,
837 2536 940 2597 Icelos
961 2536 1120 2597 Asiaticos
1132 2536 1221 2598 varia
1236 2540 1267 2597 et
1281 2535 1436 2614 pudenda
1453 2545 1487 2600 20

312 2638 396 2693 sort-c
428 2633 558 2711 agebat,
590 2633 692 2694 donec
723 2652 902 2694 successere
933 2633 1105 2694 Mucianus
1137 2638 1169 2694 et
1201 2633 1374 2694 Marcellus
1406 2639 1436 2695 et

311 2731 413 2808 magis
435 2731 491 2791 alii
512 2731 660 2792 homines
682 2751 781 2809 quam
802 2730 859 2791 alii
880 2750 993 2791 mores.

257 2825 297 2887 96
351 2828 460 2888 Prima
487 2828 619 2890 Vitellio
648 2829 761 2890 tertiae
787 2828 922 2906 legionis
951 2828 1088 2889 defectio
1114 2829 1299 2897 nuntiatur.
1327 2829 1435 2890 missis

313 2926 354 2987 ab
379 2926 507 3005 Aponio
528 2925 702 2988 Saturnino
724 2927 887 3005 epistulis,
917 2931 1093 3004 antequam
1113 2926 1141 2986 is
1163 2946 1292 3006 quoque
1315 2926 1434 3006 Vespa-

313 3024 396 3084 siani
424 3024 570 3103 partibus
595 3024 828 3103 adgregaretur.
858 3024 920 3085 Sed
941 3043 1045 3103 neque
1067 3026 1214 3103 Aponius
1236 3029 1369 3101 cuncta,
1399 3028 1435 3085 ut
1453 3034 1487 3089 25

311 3121 477 3200 trepidans
505 3141 538 3182 re
566 3122 690 3199 subita,
719 3123 963 3202 perscripserat,
992 3128 1023 3184 et
1044 3122 1140 3182 amici
1162 3121 1332 3184 adulantes
1354 3122 1435 3184 mol·

311 3220 374 3280 lius
395 3219 706 3299 interpretabantur:
728 3221 825 3281 unius
846 3221 980 3299 legionis
1002 3241 1074 3283 eam
1093 3220 1300 3298 seditionem,
1323 3222 1435 3283 ceteris

300 3317 506 3379 exercitibus
532 3323 676 3380 constare
698 3318 804 3379 fidem.
834 3319 874 3379 In
895 3319 984 3380 hunc
1005 3318 1140 3380 modum
1162 3319 1260 3379 etiam
1284 3319 1435 3380 Vitellius

313 3414 401 3493 apud
429 3414 549 3476 milites
578 3415 744 3492 disseruit,
772 3415 992 3495 praetorianos
1017 3436 1121 3496 nuper
1142 3422 1367 3478 exauctoratos
1388 3418 1436 3477 in-

346 3755 371 3805 4.
400 3753 559 3826 abundantiq
586 3755 617 3806 F.
647 3785 680 3793 —
709 3756 733 3809 9.
763 3755 867 3807 neronis
896 3754 938 3806 Fl.
969 3784 1001 3793 —
1030 3756 1129 3807 iecisset
1157 3756 1264 3824 Iapetus
1290 3757 1389 3808 lecissit
1413 3758 1436 3808 F

313 3841 472 3912 (Vitellius)
491 3843 591 3894 fecisset
610 3843 694 3894 Rittcr
712 3873 745 3880 -
767 3843 807 3897 10.
834 3844 970 3896 subdidere
988 3844 1070 3895 Rhea.
1091 3844 1200 3896 subdere
1218 3846 1249 3897 F.
1277 3876 1309 3883 —
1329 3846 1435 3913 quod-

311 3931 422 3982 sacrauit
432 3932 533 3982 seclusit
541 3931 636 3999 Nipp,
653 3940 710 3982 suat
720 3939 803 3983 autem
812 3934 997 3997 contristaretis,
1011 3951 1076 4001 quae
1087 3935 1221 3985 traduntur
1232 3936 1303 3986 Ano.
1317 3936 1340 3986 Ι.
1357 3936 1393 3988 54
1403 3964 1436 3972 -

312 4018 433 4090 (Titios)
452 4020 550 4071 inaerari
569 4018 672 4090 <Titios
691 4019 742 4091 Τ.)
763 4021 840 4073 Tatio
861 4022 981 4073 Heraeus
997 4022 1072 4073 statio
1088 4023 1118 4074 F.
1140 4024 1226 4074 -11.
1246 4024 1330 4089 gentis
1339 4022 1381 4075 Fl.
1403 4053 1436 4061 —

312 4111 353 4162 15.
379 4125 513 4175 ganeaque
534 4108 637 4160 Palmer
654 4110 752 4176 galane
771 4128 838 4177 aque
856 4112 879 4162 F
898 4120 1016 4178 sumptu,
1042 4112 1103 4177 gula
1121 4129 1254 4178 ganeaque
1272 4112 1375 4163 Meiser.
1402 4142 1435 4149 ·-

312 4198 353 4252 18.
373 4198 520 4251 crederetur
538 4200 569 4250 F.
590 4229 623 4237 -
642 4198 685 4252 26.
705 4200 806 4251 mollius
824 4200 838 4249 b
857 4200 962 4252 mullius
979 4202 1010 4253 F.
1027 4231 1060 4237 —
1078 4200 1121 4253 29.
1141 4208 1250 4252 exaucto
1269 4209 1333 4252 rato.
