<?xml version="1.0" encoding="UTF-8"?>
<!DOCTYPE html PUBLIC "-//W3C//DTD XHTML 1.0 Transitional//EN"
    "http://www.w3.org/TR/xhtml1/DTD/xhtml1-transitional.dtd">
<html xmlns="http://www.w3.org/1999/xhtml" xml:lang="en" lang="en">
 <head>
  <title>
</title>
<meta http-equiv="Content-Type" content="text/html;charset=utf-8" />
  <meta name='ocr-system' content='tesseract 3.04.00' />
  <meta name='ocr-capabilities' content='ocr_page ocr_carea ocr_par ocr_line ocrx_word'/>
</head>
<body>
  <div class='ocr_page' id='page_1' title='image "./historiaecumfra00vliegoog_0135.png"; bbox 0 0 3409 4909; ppageno 0'>
   <div class='ocr_carea' id='block_1_1' title="bbox 246 384 1371 456">
    <p class='ocr_par' dir='ltr' id='par_1_1' title="bbox 246 384 1371 456">
     <span class='ocr_line' id='line_1_1' title="bbox 246 384 1371 456; baseline 0.005 -17"><span class='ocrx_word' id='word_1_1' title='bbox 246 408 280 456; x_wconf 85' lang='lat' dir='ltr'>p.</span> <span class='ocrx_word' id='word_1_2' title='bbox 303 389 347 440; x_wconf 84' lang='lat' dir='ltr'>ch.</span> <span class='ocrx_word' id='word_1_3' title='bbox 367 389 411 452; x_wconf 81' lang='grc'>69)</span> <span class='ocrx_word' id='word_1_4' title='bbox 586 404 813 447; x_wconf 77' lang='lat' dir='ltr'>rusrorunauu</span> <span class='ocrx_word' id='word_1_5' title='bbox 835 387 896 447; x_wconf 92' lang='grc' dir='ltr'>ΠΙ.</span> <span class='ocrx_word' id='word_1_6' title='bbox 920 386 1047 447; x_wconf 81' lang='grc'><strong>24-28.</strong></span> <span class='ocrx_word' id='word_1_7' title='bbox 1163 386 1166 394; x_wconf 79' lang='grc'>’</span> <span class='ocrx_word' id='word_1_8' title='bbox 1315 384 1371 445; x_wconf 81' lang='lat'>121</span> 
     </span>
    </p>
   </div>
   <div class='ocr_carea' id='block_1_2' title="bbox 198 571 1462 3502">
    <p class='ocr_par' dir='ltr' id='par_1_2' title="bbox 198 571 1462 3502">
     <span class='ocr_line' id='line_1_2' title="bbox 239 571 1374 649; baseline -0.002 -16"><span class='ocrx_word' id='word_1_9' title='bbox 239 573 339 633; x_wconf 90' lang='lat' dir='ltr'>sium</span> <span class='ocrx_word' id='word_1_10' title='bbox 368 576 470 634; x_wconf 88' lang='lat' dir='ltr'>castra</span> <span class='ocrx_word' id='word_1_11' title='bbox 498 591 571 647; x_wconf 90' lang='lat' dir='ltr'>sua,</span> <span class='ocrx_word' id='word_1_12' title='bbox 601 572 712 633; x_wconf 88' lang='lat' dir='ltr'>castris</span> <span class='ocrx_word' id='word_1_13' title='bbox 737 572 862 633; x_wconf 86' lang='lat' dir='ltr'>vallum</span> <span class='ocrx_word' id='word_1_14' title='bbox 883 571 1123 632; x_wconf 77' lang='lat' dir='ltr'>circumiecerat</span> <span class='ocrx_word' id='word_1_15' title='bbox 1144 590 1246 649; x_wconf 88' lang='lat' dir='ltr'>eaque</span> <span class='ocrx_word' id='word_1_16' title='bbox 1267 572 1374 632; x_wconf 90' lang='lat' dir='ltr'>muni-</span> 
     </span>
     <span class='ocr_line' id='line_1_3' title="bbox 236 669 1375 748; baseline 0 -18"><span class='ocrx_word' id='word_1_17' title='bbox 236 675 364 731; x_wconf 88' lang='lat' dir='ltr'>menta</span> <span class='ocrx_word' id='word_1_18' title='bbox 394 688 504 730; x_wconf 88' lang='lat' dir='ltr'>rursus</span> <span class='ocrx_word' id='word_1_19' title='bbox 535 674 678 730; x_wconf 81' lang='lat' dir='ltr'>auxerat.</span> <span class='ocrx_word' id='word_1_20' title='bbox 717 670 864 741; x_wconf 73' lang='lat' dir='ltr'>Quorum</span> <span class='ocrx_word' id='word_1_21' title='bbox 897 674 1027 748; x_wconf 86' lang='lat' dir='ltr'>aspectu</span> <span class='ocrx_word' id='word_1_22' title='bbox 1060 669 1189 729; x_wconf 85' lang='lat' dir='ltr'>haesere</span> <span class='ocrx_word' id='word_1_23' title='bbox 1219 669 1375 748; x_wconf 85' lang='lat' dir='ltr'>victores,</span> 
     </span>
     <span class='ocr_line' id='line_1_4' title="bbox 231 766 1374 846; baseline 0 -19"><span class='ocrx_word' id='word_1_24' title='bbox 231 767 382 828; x_wconf 87' lang='lat' dir='ltr'>incertis</span> <span class='ocrx_word' id='word_1_25' title='bbox 421 767 573 845; x_wconf 87' lang='lat' dir='ltr'>ducibus,</span> <span class='ocrx_word' id='word_1_26' title='bbox 613 766 693 846; x_wconf 91' lang='lat' dir='ltr'>quid</span> <span class='ocrx_word' id='word_1_27' title='bbox 726 767 883 828; x_wconf 90' lang='lat' dir='ltr'>iuberent.</span> <span class='ocrx_word' id='word_1_28' title='bbox 922 767 1068 843; x_wconf 82' lang='lat' dir='ltr'>Incipere</span> <span class='ocrx_word' id='word_1_29' title='bbox 1100 766 1374 846; x_wconf 80' lang='lat' dir='ltr'>obpugnationem</span> 
     </span>
     <span class='ocr_line' id='line_1_5' title="bbox 228 863 1374 944; baseline 0.002 -20"><span class='ocrx_word' id='word_1_30' title='bbox 228 863 338 925; x_wconf 82' lang='lat' dir='ltr'>fesso</span> <span class='ocrx_word' id='word_1_31' title='bbox 364 885 421 944; x_wconf 90' lang='lat' dir='ltr'>per</span> <span class='ocrx_word' id='word_1_32' title='bbox 447 864 533 925; x_wconf 89' lang='lat' dir='ltr'>diem</span> <span class='ocrx_word' id='word_1_33' title='bbox 561 870 753 944; x_wconf 91' lang='lat' dir='ltr'>noctemque</span> <span class='ocrx_word' id='word_1_34' title='bbox 782 866 924 926; x_wconf 89' lang='lat' dir='ltr'>exercitu</span> <span class='ocrx_word' id='word_1_35' title='bbox 953 864 1092 925; x_wconf 89' lang='lat' dir='ltr'>arduum</span> <span class='ocrx_word' id='word_1_36' title='bbox 1114 870 1146 925; x_wconf 89' lang='lat' dir='ltr'>et</span> <span class='ocrx_word' id='word_1_37' title='bbox 1166 866 1257 926; x_wconf 92' lang='lat' dir='ltr'>nullo</span> <span class='ocrx_word' id='word_1_38' title='bbox 1279 866 1374 927; x_wconf 84' lang='lat' dir='ltr'>iuxta</span> 
     </span>
     <span class='ocr_line' id='line_1_6' title="bbox 200 962 1462 1042; baseline 0.004 -20"><span class='ocrx_word' id='word_1_39' title='bbox 200 962 397 1030; x_wconf 69' lang='lat' dir='ltr'>ssubsidio</span> <span class='ocrx_word' id='word_1_40' title='bbox 425 982 560 1042; x_wconf 74' lang='lat' dir='ltr'>anceps,</span> <span class='ocrx_word' id='word_1_41' title='bbox 590 963 641 1023; x_wconf 92' lang='lat' dir='ltr'>sin</span> <span class='ocrx_word' id='word_1_42' title='bbox 662 963 853 1024; x_wconf 88' lang='lat' dir='ltr'>Bedriacum</span> <span class='ocrx_word' id='word_1_43' title='bbox 874 962 1031 1039; x_wconf 86' lang='lat' dir='ltr'>redirent,</span> <span class='ocrx_word' id='word_1_44' title='bbox 1060 963 1281 1024; x_wconf 89' lang='lat' dir='ltr'>intolerandus</span> <span class='ocrx_word' id='word_1_45' title='bbox 1303 969 1372 1024; x_wconf 92' lang='lat' dir='ltr'>tam</span> <span class='ocrx_word' id='word_1_46' title='bbox 1460 1022 1462 1027; x_wconf 91' lang='lat'>.</span> 
     </span>
     <span class='ocr_line' id='line_1_7' title="bbox 226 1058 1372 1138; baseline 0.003 -20"><span class='ocrx_word' id='word_1_47' title='bbox 226 1058 343 1138; x_wconf 87' lang='lat' dir='ltr'>longi</span> <span class='ocrx_word' id='word_1_48' title='bbox 371 1061 494 1122; x_wconf 87' lang='lat' dir='ltr'>itineris</span> <span class='ocrx_word' id='word_1_49' title='bbox 526 1060 640 1138; x_wconf 86' lang='lat' dir='ltr'>labor,</span> <span class='ocrx_word' id='word_1_50' title='bbox 663 1065 695 1121; x_wconf 88' lang='lat' dir='ltr'>et</span> <span class='ocrx_word' id='word_1_51' title='bbox 725 1061 861 1122; x_wconf 89' lang='lat' dir='ltr'>victoria</span> <span class='ocrx_word' id='word_1_52' title='bbox 892 1061 934 1121; x_wconf 88' lang='lat' dir='ltr'>ad</span> <span class='ocrx_word' id='word_1_53' title='bbox 964 1062 1098 1122; x_wconf 88' lang='lat' dir='ltr'>inritum</span> <span class='ocrx_word' id='word_1_54' title='bbox 1131 1062 1372 1138; x_wconf 83' lang='lat' dir='ltr'>revolvebatur;</span> 
     </span>
     <span class='ocr_line' id='line_1_8' title="bbox 226 1158 1373 1238; baseline 0.003 -22"><span class='ocrx_word' id='word_1_55' title='bbox 226 1159 380 1220; x_wconf 92' lang='lat' dir='ltr'>munire</span> <span class='ocrx_word' id='word_1_56' title='bbox 401 1164 520 1234; x_wconf 87' lang='lat' dir='ltr'>castra,</span> <span class='ocrx_word' id='word_1_57' title='bbox 542 1158 576 1219; x_wconf 90' lang='lat' dir='ltr'>id</span> <span class='ocrx_word' id='word_1_58' title='bbox 597 1178 726 1238; x_wconf 92' lang='lat' dir='ltr'>quoque</span> <span class='ocrx_word' id='word_1_59' title='bbox 740 1159 931 1238; x_wconf 84' lang='lat' dir='ltr'>propinquis</span> <span class='ocrx_word' id='word_1_60' title='bbox 946 1158 1094 1219; x_wconf 84' lang='lat' dir='ltr'>hostibus</span> <span class='ocrx_word' id='word_1_61' title='bbox 1109 1158 1373 1236; x_wconf 87' lang='lat' dir='ltr'>formidolosum,</span> 
     </span>
     <span class='ocr_line' id='line_1_9' title="bbox 227 1240 1421 1336; baseline 0.004 -23"><span class='ocrx_word' id='word_1_62' title='bbox 227 1272 305 1314; x_wconf 86' lang='lat' dir='ltr'>ne</span> <span class='ocrx_word' id='word_1_63' title='bbox 327 1256 481 1336; x_wconf 89' lang='lat' dir='ltr'>dispersos</span> <span class='ocrx_word' id='word_1_64' title='bbox 510 1261 541 1316; x_wconf 89' lang='lat' dir='ltr'>et</span> <span class='ocrx_word' id='word_1_65' title='bbox 569 1275 650 1335; x_wconf 91' lang='lat' dir='ltr'>opus</span> <span class='ocrx_word' id='word_1_66' title='bbox 678 1256 847 1317; x_wconf 86' lang='lat' dir='ltr'>molientes</span> <span class='ocrx_word' id='word_1_67' title='bbox 875 1257 983 1318; x_wconf 88' lang='lat' dir='ltr'>subita</span> <span class='ocrx_word' id='word_1_68' title='bbox 1007 1256 1175 1336; x_wconf 88' lang='lat' dir='ltr'>eruptione</span> <span class='ocrx_word' id='word_1_69' title='bbox 1196 1257 1373 1319; x_wconf 83' lang='lat' dir='ltr'>turbarent.</span> <span class='ocrx_word' id='word_1_70' title='bbox 1412 1240 1421 1256; x_wconf 75' lang='grc'><strong><em>’</em></strong></span> 
     </span>
     <span class='ocr_line' id='line_1_10' title="bbox 227 1342 1373 1433; baseline 0.003 -21"><span class='ocrx_word' id='word_1_71' title='bbox 227 1347 345 1420; x_wconf 80' lang='lat' dir='ltr'>Quae</span> <span class='ocrx_word' id='word_1_72' title='bbox 376 1373 471 1433; x_wconf 92' lang='lat' dir='ltr'>super</span> <span class='ocrx_word' id='word_1_73' title='bbox 502 1360 619 1415; x_wconf 87' lang='lat' dir='ltr'>cuncta</span> <span class='ocrx_word' id='word_1_74' title='bbox 649 1354 789 1415; x_wconf 87' lang='lat' dir='ltr'>terrebat</span> <span class='ocrx_word' id='word_1_75' title='bbox 816 1354 961 1433; x_wconf 92' lang='lat' dir='ltr'>ipsorum</span> <span class='ocrx_word' id='word_1_76' title='bbox 989 1342 1092 1414; x_wconf 87' lang='lat' dir='ltr'>miles</span> <span class='ocrx_word' id='word_1_77' title='bbox 1110 1355 1246 1433; x_wconf 91' lang='lat' dir='ltr'>periculi</span> <span class='ocrx_word' id='word_1_78' title='bbox 1274 1375 1373 1433; x_wconf 93' lang='lat' dir='ltr'>quam</span> 
     </span>
     <span class='ocr_line' id='line_1_11' title="bbox 198 1452 1373 1531; baseline 0.006 -24"><span class='ocrx_word' id='word_1_79' title='bbox 198 1463 362 1520; x_wconf 84' lang='lat' dir='ltr'>omorae</span> <span class='ocrx_word' id='word_1_80' title='bbox 382 1452 571 1531; x_wconf 85' lang='lat' dir='ltr'>patientior:</span> <span class='ocrx_word' id='word_1_81' title='bbox 600 1452 720 1531; x_wconf 88' lang='lat' dir='ltr'>quippe</span> <span class='ocrx_word' id='word_1_82' title='bbox 741 1452 883 1529; x_wconf 88' lang='lat' dir='ltr'>ingrata,</span> <span class='ocrx_word' id='word_1_83' title='bbox 913 1471 995 1531; x_wconf 90' lang='lat' dir='ltr'>quae</span> <span class='ocrx_word' id='word_1_84' title='bbox 1016 1457 1102 1529; x_wconf 75' lang='lat' dir='ltr'>tuta,</span> <span class='ocrx_word' id='word_1_85' title='bbox 1132 1471 1173 1512; x_wconf 89' lang='lat' dir='ltr'>ex</span> <span class='ocrx_word' id='word_1_86' title='bbox 1193 1454 1373 1514; x_wconf 89' lang='lat' dir='ltr'>temeritate</span> 
     </span>
     <span class='ocr_line' id='line_1_12' title="bbox 231 1549 1374 1629; baseline 0.003 -22"><span class='ocrx_word' id='word_1_87' title='bbox 231 1557 344 1624; x_wconf 75' lang='lat' dir='ltr'>Spes,</span> <span class='ocrx_word' id='word_1_88' title='bbox 371 1550 540 1628; x_wconf 91' lang='lat' dir='ltr'>omnisque</span> <span class='ocrx_word' id='word_1_89' title='bbox 565 1549 676 1610; x_wconf 90' lang='lat' dir='ltr'>caedes</span> <span class='ocrx_word' id='word_1_90' title='bbox 698 1555 730 1610; x_wconf 89' lang='lat' dir='ltr'>et</span> <span class='ocrx_word' id='word_1_91' title='bbox 751 1550 883 1610; x_wconf 90' lang='lat' dir='ltr'>volnera</span> <span class='ocrx_word' id='word_1_92' title='bbox 905 1555 936 1610; x_wconf 90' lang='lat' dir='ltr'>et</span> <span class='ocrx_word' id='word_1_93' title='bbox 957 1550 1087 1627; x_wconf 88' lang='lat' dir='ltr'>sanguis</span> <span class='ocrx_word' id='word_1_94' title='bbox 1109 1549 1263 1612; x_wconf 85' lang='lat' dir='ltr'>aviditate</span> <span class='ocrx_word' id='word_1_95' title='bbox 1285 1570 1374 1629; x_wconf 83' lang='lat' dir='ltr'>prae·</span> 
     </span>
     <span class='ocr_line' id='line_1_13' title="bbox 233 1636 1429 1727; baseline 0.007 -24"><span class='ocrx_word' id='word_1_96' title='bbox 233 1636 321 1707; x_wconf 79' lang='lat' dir='ltr'>dae</span> <span class='ocrx_word' id='word_1_97' title='bbox 343 1647 568 1727; x_wconf 90' lang='lat' dir='ltr'>pensabantur.</span> <span class='ocrx_word' id='word_1_98' title='bbox 598 1648 673 1709; x_wconf 91' lang='lat' dir='ltr'>Huc</span> <span class='ocrx_word' id='word_1_99' title='bbox 700 1648 870 1709; x_wconf 92' lang='lat' dir='ltr'>inclinavit</span> <span class='ocrx_word' id='word_1_100' title='bbox 896 1648 1058 1709; x_wconf 90' lang='lat' dir='ltr'>Antonius</span> <span class='ocrx_word' id='word_1_101' title='bbox 1080 1648 1228 1726; x_wconf 75' lang='lat' dir='ltr'>cingique</span> <span class='ocrx_word' id='word_1_102' title='bbox 1249 1649 1373 1710; x_wconf 85' lang='lat' dir='ltr'>vallum</span> <span class='ocrx_word' id='word_1_103' title='bbox 1388 1647 1429 1711; x_wconf 80' lang='lat'>27</span> 
     </span>
     <span class='ocr_line' id='line_1_14' title="bbox 238 1745 1372 1824; baseline 0.004 -21"><span class='ocrx_word' id='word_1_104' title='bbox 238 1750 371 1806; x_wconf 65' lang='lat' dir='ltr'>tmrona</span> <span class='ocrx_word' id='word_1_105' title='bbox 406 1746 509 1807; x_wconf 90' lang='lat' dir='ltr'>iussit.</span> <span class='ocrx_word' id='word_1_106' title='bbox 549 1745 656 1806; x_wconf 92' lang='lat' dir='ltr'>Primo</span> <span class='ocrx_word' id='word_1_107' title='bbox 692 1746 815 1823; x_wconf 85' lang='lat' dir='ltr'>sagittis</span> <span class='ocrx_word' id='word_1_108' title='bbox 847 1747 998 1823; x_wconf 89' lang='lat' dir='ltr'>saxisque</span> <span class='ocrx_word' id='word_1_109' title='bbox 1029 1746 1155 1806; x_wconf 90' lang='lat' dir='ltr'>eminus</span> <span class='ocrx_word' id='word_1_110' title='bbox 1188 1748 1372 1824; x_wconf 86' lang='lat' dir='ltr'>certabant,</span> 
     </span>
     <span class='ocr_line' id='line_1_15' title="bbox 242 1842 1372 1923; baseline 0.005 -23"><span class='ocrx_word' id='word_1_111' title='bbox 242 1842 374 1905; x_wconf 77' lang='lat' dir='ltr'>maiore</span> <span class='ocrx_word' id='word_1_112' title='bbox 387 1844 615 1905; x_wconf 86' lang='lat' dir='ltr'>Flavianorum</span> <span class='ocrx_word' id='word_1_113' title='bbox 628 1844 782 1923; x_wconf 88' lang='lat' dir='ltr'>pernicie,</span> <span class='ocrx_word' id='word_1_114' title='bbox 801 1844 836 1903; x_wconf 90' lang='lat' dir='ltr'>in</span> <span class='ocrx_word' id='word_1_115' title='bbox 847 1862 928 1922; x_wconf 90' lang='lat' dir='ltr'>quos</span> <span class='ocrx_word' id='word_1_116' title='bbox 939 1844 1003 1904; x_wconf 89' lang='lat' dir='ltr'>tela</span> <span class='ocrx_word' id='word_1_117' title='bbox 1014 1843 1151 1921; x_wconf 87' lang='lat' dir='ltr'>desuper</span> <span class='ocrx_word' id='word_1_118' title='bbox 1161 1844 1372 1906; x_wconf 80' lang='lat' dir='ltr'>librabuntur.</span> 
     </span>
     <span class='ocr_line' id='line_1_16' title="bbox 198 1923 1372 2032; baseline 0.003 -32"><span class='ocrx_word' id='word_1_119' title='bbox 198 1923 338 2032; x_wconf 63' lang='lat' dir='ltr'>⁶iaMox</span> <span class='ocrx_word' id='word_1_120' title='bbox 371 1942 494 2003; x_wconf 89' lang='lat' dir='ltr'>vallum</span> <span class='ocrx_word' id='word_1_121' title='bbox 532 1946 704 2021; x_wconf 83' lang='lat' dir='ltr'>portasque</span> <span class='ocrx_word' id='word_1_122' title='bbox 734 1942 914 2020; x_wconf 79' lang='lat' dir='ltr'>legionibus</span> <span class='ocrx_word' id='word_1_123' title='bbox 945 1942 1108 2019; x_wconf 84' lang='lat' dir='ltr'>attribuit,</span> <span class='ocrx_word' id='word_1_124' title='bbox 1148 1947 1185 2002; x_wconf 91' lang='lat' dir='ltr'>ut</span> <span class='ocrx_word' id='word_1_125' title='bbox 1215 1942 1372 2004; x_wconf 88' lang='lat' dir='ltr'>discretus</span> 
     </span>
     <span class='ocr_line' id='line_1_17' title="bbox 253 2020 1372 2118; baseline 0.004 -21"><span class='ocrx_word' id='word_1_126' title='bbox 253 2020 347 2098; x_wconf 77' lang='lat' dir='ltr'>labor</span> <span class='ocrx_word' id='word_1_127' title='bbox 365 2039 461 2100; x_wconf 86' lang='lat' dir='ltr'>fortes</span> <span class='ocrx_word' id='word_1_128' title='bbox 482 2040 679 2118; x_wconf 81' lang='lat' dir='ltr'>ignavosque</span> <span class='ocrx_word' id='word_1_129' title='bbox 701 2039 926 2116; x_wconf 86' lang='lat' dir='ltr'>distingueret,</span> <span class='ocrx_word' id='word_1_130' title='bbox 956 2044 1053 2118; x_wconf 87' lang='lat' dir='ltr'>atquc</span> <span class='ocrx_word' id='word_1_131' title='bbox 1074 2040 1145 2118; x_wconf 92' lang='lat' dir='ltr'>ipsa</span> <span class='ocrx_word' id='word_1_132' title='bbox 1166 2040 1372 2101; x_wconf 88' lang='lat' dir='ltr'>contentione</span> 
     </span>
     <span class='ocr_line' id='line_1_18' title="bbox 263 2120 1372 2199; baseline 0.006 -9"><span class='ocrx_word' id='word_1_133' title='bbox 263 2120 375 2197; x_wconf 75' lang='lat' dir='ltr'>decoris</span> <span class='ocrx_word' id='word_1_134' title='bbox 413 2136 670 2198; x_wconf 89' lang='lat' dir='ltr'>accenderentur.</span> <span class='ocrx_word' id='word_1_135' title='bbox 710 2138 863 2197; x_wconf 90' lang='lat' dir='ltr'>Proxima</span> <span class='ocrx_word' id='word_1_136' title='bbox 900 2136 1103 2197; x_wconf 85' lang='lat' dir='ltr'>Bedriacensi</span> <span class='ocrx_word' id='word_1_137' title='bbox 1141 2138 1212 2199; x_wconf 82' lang='lat' dir='ltr'>viae</span> <span class='ocrx_word' id='word_1_138' title='bbox 1243 2139 1372 2199; x_wconf 86' lang='lat' dir='ltr'>tertiani</span> 
     </span>
     <span class='ocr_line' id='line_1_19' title="bbox 271 2234 1372 2315; baseline 0.001 -21"><span class='ocrx_word' id='word_1_139' title='bbox 271 2234 490 2315; x_wconf 65' lang='lat' dir='ltr'>septimanique</span> <span class='ocrx_word' id='word_1_140' title='bbox 517 2254 698 2314; x_wconf 89' lang='lat' dir='ltr'>sumpsere,</span> <span class='ocrx_word' id='word_1_141' title='bbox 727 2234 908 2296; x_wconf 87' lang='lat' dir='ltr'>dexteriora</span> <span class='ocrx_word' id='word_1_142' title='bbox 936 2234 1014 2296; x_wconf 89' lang='lat' dir='ltr'>valli</span> <span class='ocrx_word' id='word_1_143' title='bbox 1041 2240 1155 2297; x_wconf 84' lang='lat' dir='ltr'>octava</span> <span class='ocrx_word' id='word_1_144' title='bbox 1177 2255 1213 2295; x_wconf 92' lang='lat' dir='ltr'>ac</span> <span class='ocrx_word' id='word_1_145' title='bbox 1234 2237 1372 2315; x_wconf 87' lang='lat' dir='ltr'>septima</span> 
     </span>
     <span class='ocr_line' id='line_1_20' title="bbox 276 2320 1373 2412; baseline 0.005 -24"><span class='ocrx_word' id='word_1_146' title='bbox 276 2320 447 2410; x_wconf 70' lang='lat' dir='ltr'>Claudiana3</span> <span class='ocrx_word' id='word_1_147' title='bbox 476 2333 767 2394; x_wconf 85' lang='lat' dir='ltr'>tertiadecumanos</span> <span class='ocrx_word' id='word_1_148' title='bbox 796 2333 837 2393; x_wconf 91' lang='lat' dir='ltr'>ad</span> <span class='ocrx_word' id='word_1_149' title='bbox 865 2334 1053 2393; x_wconf 88' lang='lat' dir='ltr'>Brixianam</span> <span class='ocrx_word' id='word_1_150' title='bbox 1081 2338 1207 2412; x_wconf 91' lang='lat' dir='ltr'>portam</span> <span class='ocrx_word' id='word_1_151' title='bbox 1232 2334 1373 2412; x_wconf 84' lang='lat' dir='ltr'>impetus</span> 
     </span>
     <span class='ocr_line' id='line_1_21' title="bbox 198 2425 1373 2509; baseline 0.003 -22"><span class='ocrx_word' id='word_1_152' title='bbox 198 2463 210 2473; x_wconf 88' lang='lat'>·</span> <span class='ocrx_word' id='word_1_153' title='bbox 279 2425 341 2490; x_wconf 81' lang='lat' dir='ltr'>tulit.</span> <span class='ocrx_word' id='word_1_154' title='bbox 370 2432 508 2492; x_wconf 92' lang='lat' dir='ltr'>Paulum</span> <span class='ocrx_word' id='word_1_155' title='bbox 539 2430 615 2492; x_wconf 90' lang='lat' dir='ltr'>inde</span> <span class='ocrx_word' id='word_1_156' title='bbox 646 2451 768 2507; x_wconf 92' lang='lat' dir='ltr'>morae,</span> <span class='ocrx_word' id='word_1_157' title='bbox 801 2430 880 2490; x_wconf 91' lang='lat' dir='ltr'>dum</span> <span class='ocrx_word' id='word_1_158' title='bbox 912 2450 928 2491; x_wconf 94' lang='lat' dir='ltr'>e</span> <span class='ocrx_word' id='word_1_159' title='bbox 956 2431 1113 2509; x_wconf 85' lang='lat' dir='ltr'>proximis</span> <span class='ocrx_word' id='word_1_160' title='bbox 1141 2432 1223 2508; x_wconf 89' lang='lat' dir='ltr'>agris</span> <span class='ocrx_word' id='word_1_161' title='bbox 1251 2432 1373 2509; x_wconf 86' lang='lat' dir='ltr'>ligones</span> 
     </span>
     <span class='ocr_line' id='line_1_22' title="bbox 275 2520 1373 2608; baseline 0.003 -23"><span class='ocrx_word' id='word_1_162' title='bbox 275 2520 402 2590; x_wconf 89' lang='lat' dir='ltr'>dolabras</span> <span class='ocrx_word' id='word_1_163' title='bbox 424 2534 456 2589; x_wconf 90' lang='lat' dir='ltr'>et</span> <span class='ocrx_word' id='word_1_164' title='bbox 476 2528 532 2589; x_wconf 89' lang='lat' dir='ltr'>alii</span> <span class='ocrx_word' id='word_1_165' title='bbox 553 2528 651 2590; x_wconf 85' lang='lat' dir='ltr'>falces</span> <span class='ocrx_word' id='word_1_166' title='bbox 672 2528 838 2607; x_wconf 87' lang='lat' dir='ltr'>scalasque</span> <span class='ocrx_word' id='word_1_167' title='bbox 853 2533 1060 2589; x_wconf 87' lang='lat' dir='ltr'>convectant:</span> <span class='ocrx_word' id='word_1_168' title='bbox 1082 2534 1153 2589; x_wconf 92' lang='lat' dir='ltr'>tum</span> <span class='ocrx_word' id='word_1_169' title='bbox 1169 2529 1261 2589; x_wconf 88' lang='lat' dir='ltr'>elatis</span> <span class='ocrx_word' id='word_1_170' title='bbox 1277 2548 1373 2608; x_wconf 87' lang='lat' dir='ltr'>super</span> 
     </span>
     <span class='ocr_line' id='line_1_23' title="bbox 198 2626 1373 2707; baseline 0.003 -23"><span class='ocrx_word' id='word_1_171' title='bbox 198 2665 201 2670; x_wconf 91' lang='lat'><em>-</em></span> <span class='ocrx_word' id='word_1_172' title='bbox 272 2626 362 2704; x_wconf 86' lang='lat' dir='ltr'>capita</span> <span class='ocrx_word' id='word_1_173' title='bbox 381 2627 496 2704; x_wconf 87' lang='lat' dir='ltr'>scutis,</span> <span class='ocrx_word' id='word_1_174' title='bbox 518 2627 618 2688; x_wconf 88' lang='lat' dir='ltr'>densa</span> <span class='ocrx_word' id='word_1_175' title='bbox 638 2626 800 2688; x_wconf 89' lang='lat' dir='ltr'>testudine</span> <span class='ocrx_word' id='word_1_176' title='bbox 821 2627 1007 2687; x_wconf 88' lang='lat' dir='ltr'>succedunt.</span> <span class='ocrx_word' id='word_1_177' title='bbox 1031 2626 1195 2687; x_wconf 87' lang='lat' dir='ltr'>Romanae</span> <span class='ocrx_word' id='word_1_178' title='bbox 1209 2628 1373 2707; x_wconf 90' lang='lat' dir='ltr'>utrimque</span> 
     </span>
     <span class='ocr_line' id='line_1_24' title="bbox 261 2712 1373 2804; baseline 0 -19"><span class='ocrx_word' id='word_1_179' title='bbox 261 2729 354 2785; x_wconf 85' lang='lat' dir='ltr'>artes:</span> <span class='ocrx_word' id='word_1_180' title='bbox 391 2725 535 2804; x_wconf 91' lang='lat' dir='ltr'>pondera</span> <span class='ocrx_word' id='word_1_181' title='bbox 569 2744 722 2785; x_wconf 88' lang='lat' dir='ltr'>saxorum</span> <span class='ocrx_word' id='word_1_182' title='bbox 754 2724 921 2785; x_wconf 91' lang='lat' dir='ltr'>Vitelliani</span> <span class='ocrx_word' id='word_1_183' title='bbox 952 2712 1165 2804; x_wconf 82' lang='lat' dir='ltr'>provolvunt,</span> <span class='ocrx_word' id='word_1_184' title='bbox 1205 2725 1373 2785; x_wconf 87' lang='lat' dir='ltr'>disiectam</span> 
     </span>
     <span class='ocr_line' id='line_1_25' title="bbox 257 2821 1373 2902; baseline 0.001 -19"><span class='ocrx_word' id='word_1_185' title='bbox 257 2821 500 2902; x_wconf 87' lang='lat' dir='ltr'>fluitantemque</span> <span class='ocrx_word' id='word_1_186' title='bbox 521 2823 718 2884; x_wconf 87' lang='lat' dir='ltr'>testudinem</span> <span class='ocrx_word' id='word_1_187' title='bbox 733 2822 853 2883; x_wconf 91' lang='lat' dir='ltr'>lanceis</span> <span class='ocrx_word' id='word_1_188' title='bbox 868 2824 1035 2901; x_wconf 89' lang='lat' dir='ltr'>contisque</span> <span class='ocrx_word' id='word_1_189' title='bbox 1050 2828 1248 2899; x_wconf 90' lang='lat' dir='ltr'>scrutantur,</span> <span class='ocrx_word' id='word_1_190' title='bbox 1271 2823 1373 2884; x_wconf 90' lang='lat' dir='ltr'>donec</span> 
     </span>
     <span class='ocr_line' id='line_1_26' title="bbox 198 2918 1374 3006; baseline -0.003 -22"><span class='ocrx_word' id='word_1_191' title='bbox 198 2918 361 3006; x_wconf 47' lang='lat' dir='ltr'>&amp;soluta</span> <span class='ocrx_word' id='word_1_192' title='bbox 381 2940 534 3000; x_wconf 87' lang='lat' dir='ltr'>compage</span> <span class='ocrx_word' id='word_1_193' title='bbox 555 2925 720 2981; x_wconf 91' lang='lat' dir='ltr'>scutorum</span> <span class='ocrx_word' id='word_1_194' title='bbox 741 2940 902 2998; x_wconf 89' lang='lat' dir='ltr'>exangues</span> <span class='ocrx_word' id='word_1_195' title='bbox 925 2926 982 2981; x_wconf 90' lang='lat' dir='ltr'>aut</span> <span class='ocrx_word' id='word_1_196' title='bbox 998 2921 1119 2981; x_wconf 88' lang='lat' dir='ltr'>laceros</span> <span class='ocrx_word' id='word_1_197' title='bbox 1136 2927 1374 2999; x_wconf 87' lang='lat' dir='ltr'>prosternerent</span> 
     </span>
     <span class='ocr_line' id='line_1_27' title="bbox 246 3020 588 3096; baseline -0.015 -12"><span class='ocrx_word' id='word_1_198' title='bbox 246 3020 360 3084; x_wconf 88' lang='lat' dir='ltr'>multa</span> <span class='ocrx_word' id='word_1_199' title='bbox 379 3039 453 3080; x_wconf 90' lang='lat' dir='ltr'>eum</span> <span class='ocrx_word' id='word_1_200' title='bbox 475 3025 588 3096; x_wconf 88' lang='lat' dir='ltr'>strage.</span> 
     </span>
     <span class='ocr_line' id='line_1_28' title="bbox 291 3115 1373 3192; baseline -0.001 -14"><span class='ocrx_word' id='word_1_201' title='bbox 291 3118 472 3178; x_wconf 81' lang='lat' dir='ltr'>incesserat</span> <span class='ocrx_word' id='word_1_202' title='bbox 492 3116 670 3192; x_wconf 89' lang='lat' dir='ltr'>cunctati0,</span> <span class='ocrx_word' id='word_1_203' title='bbox 699 3116 733 3175; x_wconf 92' lang='lat' dir='ltr'>ni</span> <span class='ocrx_word' id='word_1_204' title='bbox 755 3115 853 3176; x_wconf 89' lang='lat' dir='ltr'>duces</span> <span class='ocrx_word' id='word_1_205' title='bbox 875 3115 957 3178; x_wconf 87' lang='lat' dir='ltr'>fesso</span> <span class='ocrx_word' id='word_1_206' title='bbox 978 3116 1075 3176; x_wconf 89' lang='lat' dir='ltr'>militi</span> <span class='ocrx_word' id='word_1_207' title='bbox 1098 3121 1129 3175; x_wconf 90' lang='lat' dir='ltr'>et</span> <span class='ocrx_word' id='word_1_208' title='bbox 1149 3116 1239 3177; x_wconf 80' lang='lat' dir='ltr'>velut</span> <span class='ocrx_word' id='word_1_209' title='bbox 1260 3117 1373 3177; x_wconf 85' lang='lat' dir='ltr'>inritas</span> 
     </span>
     <span class='ocr_line' id='line_1_29' title="bbox 239 3213 1430 3281; baseline -0.003 0"><span class='ocrx_word' id='word_1_210' title='bbox 239 3214 493 3281; x_wconf 86' lang='lat' dir='ltr'>exhortationes</span> <span class='ocrx_word' id='word_1_211' title='bbox 515 3213 670 3274; x_wconf 88' lang='lat' dir='ltr'>abnuenti</span> <span class='ocrx_word' id='word_1_212' title='bbox 691 3213 884 3274; x_wconf 81' lang='lat' dir='ltr'>Cremonam</span> <span class='ocrx_word' id='word_1_213' title='bbox 902 3218 1143 3274; x_wconf 89' lang='lat' dir='ltr'>monstrassent.</span> <span class='ocrx_word' id='word_1_214' title='bbox 1166 3214 1325 3274; x_wconf 92' lang='lat' dir='ltr'>Hormine</span> <span class='ocrx_word' id='word_1_215' title='bbox 1340 3214 1373 3273; x_wconf 89' lang='lat' dir='ltr'>id</span> <span class='ocrx_word' id='word_1_216' title='bbox 1390 3219 1430 3279; x_wconf 79' lang='lat'>28</span> 
     </span>
     <span class='ocr_line' id='line_1_30' title="bbox 238 3310 1375 3392; baseline -0.005 -15"><span class='ocrx_word' id='word_1_217' title='bbox 238 3311 434 3392; x_wconf 85' lang='lat' dir='ltr'>ingenium,</span> <span class='ocrx_word' id='word_1_218' title='bbox 463 3316 500 3372; x_wconf 91' lang='lat' dir='ltr'>ut</span> <span class='ocrx_word' id='word_1_219' title='bbox 527 3310 678 3370; x_wconf 90' lang='lat' dir='ltr'>Messalla</span> <span class='ocrx_word' id='word_1_220' title='bbox 705 3310 818 3388; x_wconf 88' lang='lat' dir='ltr'>tradit,</span> <span class='ocrx_word' id='word_1_221' title='bbox 847 3331 889 3372; x_wconf 94' lang='lat' dir='ltr'>an</span> <span class='ocrx_word' id='word_1_222' title='bbox 917 3312 1024 3390; x_wconf 91' lang='lat' dir='ltr'>potior</span> <span class='ocrx_word' id='word_1_223' title='bbox 1051 3317 1163 3371; x_wconf 89' lang='lat' dir='ltr'>auctor</span> <span class='ocrx_word' id='word_1_224' title='bbox 1188 3312 1230 3371; x_wconf 86' lang='lat' dir='ltr'>sit</span> <span class='ocrx_word' id='word_1_225' title='bbox 1252 3311 1289 3371; x_wconf 89' lang='lat' dir='ltr'>G.</span> <span class='ocrx_word' id='word_1_226' title='bbox 1312 3312 1375 3371; x_wconf 92' lang='lat' dir='ltr'>Pli-</span> 
     </span>
     <span class='ocr_line' id='line_1_31' title="bbox 198 3408 1374 3502; baseline -0.005 -28"><span class='ocrx_word' id='word_1_227' title='bbox 198 3412 340 3502; x_wconf 76' lang='lat' dir='ltr'>0niuS,</span> <span class='ocrx_word' id='word_1_228' title='bbox 371 3409 428 3487; x_wconf 92' lang='lat' dir='ltr'>qui</span> <span class='ocrx_word' id='word_1_229' title='bbox 456 3408 637 3469; x_wconf 85' lang='lat' dir='ltr'>Antonium</span> <span class='ocrx_word' id='word_1_230' title='bbox 666 3408 808 3482; x_wconf 89' lang='lat' dir='ltr'>incusat,</span> <span class='ocrx_word' id='word_1_231' title='bbox 836 3408 925 3470; x_wconf 88' lang='lat' dir='ltr'>haud</span> <span class='ocrx_word' id='word_1_232' title='bbox 948 3408 1041 3469; x_wconf 86' lang='lat' dir='ltr'>facile</span> <span class='ocrx_word' id='word_1_233' title='bbox 1063 3409 1284 3480; x_wconf 84' lang='lat' dir='ltr'>discreverim,</span> <span class='ocrx_word' id='word_1_234' title='bbox 1311 3410 1374 3469; x_wconf 89' lang='lat' dir='ltr'>nisi</span> 
     </span>
    </p>
   </div>
   <div class='ocr_carea' id='block_1_3' title="bbox 237 3547 414 3561">
    <p class='ocr_par' dir='ltr' id='par_1_3' title="bbox 237 3547 414 3561">
     <span class='ocr_line' id='line_1_32' title="bbox 237 3547 414 3561; baseline 0 0"><span class='ocrx_word' id='word_1_235' title='bbox 237 3547 414 3561; x_wconf 50' lang='lat'>“⁸—</span> 
     </span>
    </p>
   </div>
   <div class='ocr_carea' id='block_1_4' title="bbox 277 3624 1374 3691">
    <p class='ocr_par' dir='ltr' id='par_1_4' title="bbox 277 3624 1374 3691">
     <span class='ocr_line' id='line_1_33' title="bbox 277 3624 1374 3691; baseline -0.003 -13"><span class='ocrx_word' id='word_1_236' title='bbox 277 3629 305 3678; x_wconf 75' lang='lat'>4.</span> <span class='ocrx_word' id='word_1_237' title='bbox 329 3625 411 3675; x_wconf 80' lang='lat' dir='ltr'>fessos</span> <span class='ocrx_word' id='word_1_238' title='bbox 429 3624 460 3674; x_wconf 81' lang='lat' dir='ltr'>F.</span> <span class='ocrx_word' id='word_1_239' title='bbox 481 3654 514 3661; x_wconf 94' lang='lat'><em>-</em></span> <span class='ocrx_word' id='word_1_240' title='bbox 535 3626 558 3676; x_wconf 81' lang='grc' dir='ltr'>ῖ,</span> <span class='ocrx_word' id='word_1_241' title='bbox 577 3624 757 3675; x_wconf 80' lang='lat' dir='ltr'>formidolosus</span> <span class='ocrx_word' id='word_1_242' title='bbox 768 3625 789 3675; x_wconf 86' lang='lat' dir='ltr'>F</span> <span class='ocrx_word' id='word_1_243' title='bbox 800 3627 822 3691; x_wconf 84' lang='lat' dir='ltr'>(s</span> <span class='ocrx_word' id='word_1_244' title='bbox 832 3625 880 3675; x_wconf 83' lang='lat' dir='ltr'>dcl.</span> <span class='ocrx_word' id='word_1_245' title='bbox 892 3624 945 3690; x_wconf 82' lang='lat' dir='ltr'>cst).</span> <span class='ocrx_word' id='word_1_246' title='bbox 967 3654 999 3661; x_wconf 89' lang='lat'>—</span> <span class='ocrx_word' id='word_1_247' title='bbox 1010 3624 1034 3677; x_wconf 79' lang='lat'>8.</span> <span class='ocrx_word' id='word_1_248' title='bbox 1055 3625 1138 3675; x_wconf 86' lang='lat' dir='ltr'>subite</span> <span class='ocrx_word' id='word_1_249' title='bbox 1147 3625 1268 3691; x_wconf 85' lang='lat' dir='ltr'>ruptione</span> <span class='ocrx_word' id='word_1_250' title='bbox 1279 3625 1320 3676; x_wconf 86' lang='lat' dir='ltr'>F1.</span> <span class='ocrx_word' id='word_1_251' title='bbox 1342 3655 1374 3662; x_wconf 89' lang='lat'>—</span> 
     </span>
    </p>
   </div>
   <div class='ocr_carea' id='block_1_5' title="bbox 236 3731 1374 3926">
    <p class='ocr_par' dir='ltr' id='par_1_5' title="bbox 236 3731 1374 3926">
     <span class='ocr_line' id='line_1_34' title="bbox 239 3731 1374 3835; baseline 0 -17"><span class='ocrx_word' id='word_1_252' title='bbox 239 3772 284 3824; x_wconf 83' lang='lat'>15.</span> <span class='ocrx_word' id='word_1_253' title='bbox 313 3766 427 3818; x_wconf 73' lang='lat' dir='ltr'>aaran</span> <span class='ocrx_word' id='word_1_254' title='bbox 446 3765 488 3817; x_wconf 67' lang='lat' dir='ltr'>aa</span> <span class='ocrx_word' id='word_1_255' title='bbox 510 3796 542 3803; x_wconf 89' lang='lat'>-</span> <span class='ocrx_word' id='word_1_256' title='bbox 564 3769 603 3819; x_wconf 84' lang='lat' dir='ltr'>ra</span> <span class='ocrx_word' id='word_1_257' title='bbox 623 3731 812 3832; x_wconf 60' lang='lat' dir='ltr'>artatur.</span> <span class='ocrx_word' id='word_1_258' title='bbox 833 3767 1098 3833; x_wconf 73' lang='lat' dir='ltr'>-rpsarrpsraar</span> <span class='ocrx_word' id='word_1_259' title='bbox 1120 3767 1205 3820; x_wconf 76' lang='lat' dir='ltr'>-ro</span> <span class='ocrx_word' id='word_1_260' title='bbox 1225 3769 1326 3835; x_wconf 65' lang='lat' dir='ltr'>aare.</span> <span class='ocrx_word' id='word_1_261' title='bbox 1342 3798 1374 3805; x_wconf 83' lang='lat'>-</span> 
     </span>
     <span class='ocr_line' id='line_1_35' title="bbox 236 3854 1374 3926; baseline -0.005 -14"><span class='ocrx_word' id='word_1_262' title='bbox 236 3862 349 3926; x_wconf 81' lang='lat' dir='ltr'>ligones</span> <span class='ocrx_word' id='word_1_263' title='bbox 367 3855 451 3906; x_wconf 75' lang='lat' dir='ltr'>Rhea.</span> <span class='ocrx_word' id='word_1_264' title='bbox 470 3855 583 3922; x_wconf 72' lang='lat' dir='ltr'>legiones</span> <span class='ocrx_word' id='word_1_265' title='bbox 603 3855 624 3905; x_wconf 88' lang='lat' dir='ltr'>F</span> <span class='ocrx_word' id='word_1_266' title='bbox 644 3855 712 3921; x_wconf 61' lang='lat' dir='ltr'>(felci.</span> <span class='ocrx_word' id='word_1_267' title='bbox 733 3857 787 3920; x_wconf 80' lang='lat' dir='ltr'>cat).</span> <span class='ocrx_word' id='word_1_268' title='bbox 810 3885 841 3892; x_wconf 92' lang='lat'>-</span> <span class='ocrx_word' id='word_1_269' title='bbox 862 3854 905 3906; x_wconf 73' lang='grc'>24.</span> <span class='ocrx_word' id='word_1_270' title='bbox 929 3856 1106 3921; x_wconf 75' lang='lat' dir='ltr'>iluuiuantdq3</span> <span class='ocrx_word' id='word_1_271' title='bbox 1128 3886 1160 3894; x_wconf 95' lang='lat'><strong>—</strong></span> <span class='ocrx_word' id='word_1_272' title='bbox 1178 3856 1279 3922; x_wconf 59' lang='lat' dir='ltr'>enitar„</span> <span class='ocrx_word' id='word_1_273' title='bbox 1300 3857 1321 3907; x_wconf 90' lang='lat' dir='ltr'>F</span> <span class='ocrx_word' id='word_1_274' title='bbox 1342 3886 1374 3895; x_wconf 93' lang='lat'>-</span> 
     </span>
    </p>
   </div>
   <div class='ocr_carea' id='block_1_6' title="bbox 238 3962 1374 4102">
    <p class='ocr_par' dir='ltr' id='par_1_6' title="bbox 238 3962 1374 4102">
     <span class='ocr_line' id='line_1_36' title="bbox 238 3962 1374 4102; baseline -0.002 -33"><span class='ocrx_word' id='word_1_275' title='bbox 238 4020 284 4073; x_wconf 71' lang='lat'>25.</span> <span class='ocrx_word' id='word_1_276' title='bbox 312 3962 409 4082; x_wconf 59' lang='lat' dir='ltr'>ropile</span> <span class='ocrx_word' id='word_1_277' title='bbox 426 4015 457 4066; x_wconf 85' lang='lat' dir='ltr'>F.</span> <span class='ocrx_word' id='word_1_278' title='bbox 486 4045 517 4052; x_wconf 92' lang='lat'>—-</span> <span class='ocrx_word' id='word_1_279' title='bbox 537 4013 579 4068; x_wconf 73' lang='lat' dir='ltr'>‘2o</span> <span class='ocrx_word' id='word_1_280' title='bbox 603 4019 752 4102; x_wconf 74' lang='lat' dir='ltr'>cueustrage</span> <span class='ocrx_word' id='word_1_281' title='bbox 771 4016 801 4066; x_wconf 89' lang='lat' dir='ltr'>F.</span> <span class='ocrx_word' id='word_1_282' title='bbox 828 4046 861 4052; x_wconf 84' lang='lat'>—</span> <span class='ocrx_word' id='word_1_283' title='bbox 881 4015 924 4068; x_wconf 75' lang='lat'>29.</span> <span class='ocrx_word' id='word_1_284' title='bbox 949 4016 1043 4066; x_wconf 82' lang='lat' dir='ltr'>tradita</span> <span class='ocrx_word' id='word_1_285' title='bbox 1062 4014 1096 4066; x_wconf 85' lang='lat' dir='ltr'>Fl</span> <span class='ocrx_word' id='word_1_286' title='bbox 1113 4016 1215 4081; x_wconf 87' lang='lat' dir='ltr'>potiora</span> <span class='ocrx_word' id='word_1_287' title='bbox 1233 4017 1263 4067; x_wconf 89' lang='lat' dir='ltr'>F.</span> <span class='ocrx_word' id='word_1_288' title='bbox 1289 4047 1320 4053; x_wconf 97' lang='lat'>-</span> <span class='ocrx_word' id='word_1_289' title='bbox 1341 4017 1374 4067; x_wconf 83' lang='lat' dir='ltr'>G.</span> 
     </span>
    </p>
   </div>
   <div class='ocr_carea' id='block_1_7' title="bbox 239 4106 391 4177">
    <p class='ocr_par' dir='ltr' id='par_1_7' title="bbox 239 4106 391 4177">
     <span class='ocr_line' id='line_1_37' title="bbox 239 4106 391 4177; baseline -0.026 -18"><span class='ocrx_word' id='word_1_290' title='bbox 239 4108 354 4177; x_wconf 87' lang='lat' dir='ltr'>plunius</span> <span class='ocrx_word' id='word_1_291' title='bbox 373 4106 391 4156; x_wconf 77' lang='lat' dir='ltr'>I·</span> 
     </span>
    </p>
   </div>
   <div class='ocr_carea' id='block_1_8' title="bbox 0 0 1738 4909">
    <p class='ocr_par' dir='ltr' id='par_1_8' title="bbox 0 0 1738 4909">
     <span class='ocr_line' id='line_1_38' title="bbox 0 0 1738 4909; baseline 0 0"><span class='ocrx_word' id='word_1_292' title='bbox 0 0 1738 4909; x_wconf 95' lang='lat' dir='ltr'> </span> 
     </span>
    </p>
   </div>
  </div>
 </body>
</html>
