3409 4909
328 474 386 535 196
755 491 897 545 nonnam
918 491 1029 533 raorrr
1298 477 1333 540 (a.
1354 492 1380 526 u.
1400 474 1452 529 823

327 661 418 721 nulla
449 660 614 722 dedecoris
645 679 722 720 cura
752 659 924 738 pecuniam
952 663 1009 719 aut
1036 659 1202 720 carissima
1229 660 1362 722 sibimet
1389 660 1453 740 ipsi

326 758 541 835 circumdare;
577 758 711 837 quidam
742 757 894 836 expedire
926 777 1016 817 arma
1046 757 1183 836 telisque
1213 763 1386 836 tamquam
1418 758 1454 817 in

326 857 429 917 aciem
451 855 582 932 accingi.
605 855 695 916 Haec
716 853 950 915 meditantibus
972 854 1104 915 advenit
1117 853 1342 933 proficiscendi
1357 855 1453 931 hora,

327 954 549 1032 expectatione
576 953 706 1014 tristior.
735 952 864 1031 Quippe
891 952 977 1012 intra
1004 952 1128 1013 vallum
1151 952 1339 1013 deformitas
1361 951 1453 1013 haud

327 1051 459 1130 perinde
487 1050 655 1112 notabilis:
684 1050 807 1110 detexit
835 1050 1048 1127 ignominiam
1075 1069 1210 1129 campus
1231 1054 1263 1110 et
1284 1049 1363 1110 dies.
1393 1051 1487 1123 Re-5

326 1149 438 1211 vulsae
466 1150 697 1228 imperatorum
725 1148 897 1225 imagines,
929 1147 1088 1208 inhonora
1115 1148 1222 1225 signa,
1249 1146 1453 1225 fulgentibus

326 1247 403 1308 hinc
431 1248 505 1309 inde
535 1247 703 1308 Gallorum
732 1246 877 1323 vexillis;
906 1245 1003 1307 silens
1031 1265 1147 1323 agmen
1171 1251 1203 1307 et
1223 1244 1313 1308 velut
1335 1244 1454 1322 longae

326 1346 496 1425 exequiae3
533 1345 601 1405 dux
631 1344 787 1405 Claudius
818 1344 955 1405 Sanctus
987 1345 1102 1405 effosso
1133 1343 1226 1405 oculo
1257 1343 1348 1404 dirus
1381 1362 1453 1421 ore,

325 1442 453 1519 ingenio
491 1442 635 1503 debilior.
672 1441 865 1521 Duplicatur
895 1441 1070 1518 flagitium,
1109 1444 1284 1520 postquam
1305 1440 1453 1513 ,desertis

326 1540 551 1600 Bonnensibus
584 1539 695 1599 castris
727 1538 827 1599 altera
858 1558 891 1598 se
923 1539 1005 1615 legio
1036 1538 1217 1599 miscuerat.
1250 1538 1292 1597 Et
1320 1536 1453 1614 volgata
1472 1557 1503 1613 10

326 1642 494 1717 captarum
516 1637 680 1714 legionum
701 1636 788 1697 fama
806 1636 930 1713 cuncti,
953 1636 1009 1714 qui
1023 1636 1121 1715 paulo
1137 1640 1210 1697 ante
1225 1630 1453 1696 Romanorum

326 1755 446 1796 nomen
467 1735 656 1812 horrebant,
679 1740 901 1814 procurrentes
923 1754 963 1794 ex
984 1735 1067 1812 agris
1085 1734 1242 1814 tectisque
1256 1738 1289 1795 et
1303 1733 1453 1812 undique

327 1833 420 1893 effusi
448 1833 578 1906 insolito
606 1832 789 1911 spectaculo
815 1832 956 1892 nimium
977 1832 1175 1893 fruebantur.
1205 1832 1276 1892 Non
1298 1831 1378 1892 tulit
1400 1831 1453 1892 ala

326 1931 494 1991 Picentina
520 1930 676 2008 gaudium
704 1930 891 1991 insultantis
912 1930 1016 2008 vulgi,
1046 1930 1224 2009 spretisque
1245 1929 1358 1991 Sancti
1379 1950 1453 2008 pro·

326 2028 433 2089 missis
455 2035 512 2089 aut
531 2029 628 2089 minis
650 2028 891 2105 Mogontiacum
913 2028 1034 2089 abeunt
1041 2049 1048 2106 3
1075 2048 1111 2089 ac
1132 2028 1213 2090 forte
1234 2028 1331 2089 obvio
1354 2028 1453 2089 inter·
1472 2049 1500 2101 15

325 2126 444 2186 sectore
483 2109 623 2187 Voculae
658 2126 818 2204 Longino,
858 2126 1010 2187 coniectis
1041 2126 1076 2186 in
1107 2146 1181 2186 eum
1213 2125 1286 2186 telis
1316 2125 1452 2186 initium

327 2224 541 2285 exsolvendae
562 2224 597 2284 in
614 2230 779 2302 posterum
794 2224 909 2303 culpae
923 2224 1032 2285 fecere.
1055 2224 1209 2302 Legiones
1223 2222 1307 2284 nihil
1322 2228 1452 2285 mutato

325 2322 439 2383 itinere
460 2328 534 2383 ante
555 2323 684 2383 moenia
703 2322 915 2383 Treverorum
937 2322 1118 2383 considunt.

273 2426 312 2487 63
367 2420 479 2482 Civilis
507 2425 538 2481 et
564 2420 742 2496 Classicus,
770 2420 865 2480 rebus
887 2420 1036 2481 secundis
1058 2420 1193 2498 sublati,
1223 2439 1265 2479 an
1286 2417 1452 2479 coloniam

326 2518 596 2596 Agrippinensem
634 2517 849 2596 diripiendam
885 2518 1079 2579 exercitibus
1109 2517 1177 2578 suis
1207 2516 1450 2596 permitterent,
1468 2536 1498 2590 ρο

327 2614 523 2676 dubitavere.
546 2614 687 2676 Saevitia
707 2615 827 2692 ingenii
849 2620 881 2675 et
902 2614 1053 2694 cupidine
1075 2615 1212 2693 praedae
1226 2613 1268 2674 ad
1282 2614 1451 2675 excidium

326 2712 465 2774 civitatis
489 2711 719 2774 trahebantur:
748 2712 897 2772 obstabat
923 2712 1005 2773 ratio
1032 2712 1110 2772 belli
1138 2716 1170 2773 et
1196 2730 1318 2774 novum
1348 2712 1451 2791 impe·

325 2811 410 2870 rium
441 2809 671 2871 inchoantibus
702 2810 792 2870 utilis
824 2810 1014 2871 clementiae
1045 2810 1148 2887 fama3
1180 2810 1318 2871 Civilem
1350 2810 1450 2870 etiam

325 2908 472 2969 beneficii
493 2908 649 2969 memoria
668 2907 775 2985 flexit,
798 2907 887 2987 quod
907 2908 1011 2969 filium
1029 2908 1097 2969 eius
1112 2908 1217 2988 primo
1231 2927 1341 2968 rerum
1355 2913 1450 2969 motu

325 3006 360 3065 in
401 3006 527 3066 colonia
567 3006 796 3085 Agrippinensi
837 3006 1074 3086 deprehensum
1107 3005 1265 3067 honorata
1299 3005 1450 3067 custodia
1466 3025 1498 3079 25

325 3102 514 3165 habuerant.
544 3103 605 3164 sed
634 3104 888 3165 Transrhenanis
915 3104 1064 3181 gentibus
1091 3104 1198 3165 invisa
1225 3102 1341 3165 civitas
1369 3122 1450 3183 opu-

325 3201 425 3262 lentia
447 3207 623 3280 auctuque;
646 3221 750 3279 neque
771 3201 873 3262 alium
895 3202 993 3263 finem
1014 3201 1092 3263 belli
1113 3202 1282 3279 rebantur,
1304 3201 1449 3281 quamsi

325 3298 486 3377 promisca
523 3319 560 3359 ea
596 3299 687 3360 sedes
722 3300 874 3360 omnibus
913 3300 1082 3361 Germanis
1112 3299 1194 3361 foret
1225 3304 1282 3360 aut
1313 3299 1450 3361 disiecta

272 3407 311 3467 64
325 3395 426 3457 Ubios
454 3415 583 3476 quoque
611 3396 819 3474 dispersisset.
848 3396 952 3474 Igitur
980 3397 1141 3473 Tencteri,
1170 3396 1284 3458 Rheno
1309 3396 1450 3459 discreta

324 3514 416 3572 gens,
438 3494 545 3556 missis
566 3494 679 3571 legatis
698 3494 853 3555 mandata
867 3494 955 3574 apud
970 3494 1144 3555 concilium
1159 3494 1449 3574 Agrippinensium
1467 3518 1499 3571 30

363 3834 384 3884 1.
413 3832 463 3898 ipsi
487 3833 509 3883 F
533 3831 595 3898 ipsis
618 3831 699 3899 Nipp.
729 3862 761 3869 ·-
787 3833 812 3885 t.
842 3833 939 3883 Inhora
962 3834 993 3884 F.
1023 3862 1053 3870 —
1081 3834 1105 3885 7.
1130 3834 1191 3885 hinc
1216 3831 1448 3907 (Germanorum)

324 3921 415 3971 Ritter.
442 3950 473 3958 -
494 3921 518 3974 8.
545 3922 583 3971 sis
602 3921 632 3971 F.
659 3950 691 3958 —
712 3922 736 3973 9.
759 3921 833 3971 1161111
851 3922 881 3972 F.
903 3950 935 3959 —
954 3920 997 3974 20.
1017 3922 1177 3988 agrippiense
1195 3922 1219 3973 F
1237 3924 1266 3989 cs.
1288 3923 1394 3977 194.16.
1415 3953 1448 3961 -

324 4008 366 4060 21.
392 4010 490 4075 ingenii
508 4010 631 4077 Agricola
648 4009 748 4076 ingenti
766 4010 789 4060 F
806 4010 923 4076 ingenita
940 4010 1023 4061 eren.
1044 4040 1070 4048 --
1096 4009 1138 4063 25.
1158 4011 1344 4078 agrippiniensi
1362 4013 1393 4064 F.
1415 4042 1447 4051 -

324 4098 440 4148 custodia
458 4098 602 4148 habuerant
624 4097 710 4149 Wnrm
728 4098 842 4171 custodie
854 4096 857 4168 l
870 4099 1110 4151 eranchonorate
1119 4100 1293 4151 custodierant
1311 4100 1393 4168 Nipp.
1415 4132 1446 4139 -

324 4184 367 4238 27.
387 4191 495 4252 auctum
515 4187 537 4237 F
557 4186 625 4254 (del.
646 4190 699 4252 cst).
720 4216 753 4223 --
772 4185 815 4239 29.
833 4187 880 4256 ubi
897 4188 944 4238 hos
962 4189 992 4240 F.
1014 4218 1046 4225 —
1066 4188 1108 4243 30.
1128 4188 1347 4255 agrippieniensir’r
1364 4190 1395 4241 F.
