3409 4909
278 444 296 493 p.
310 426 347 478 uh.
366 427 410 492 69)
582 443 809 487 Hrsronmnurr
830 425 892 485 ΙΙΙ.
915 420 1043 486 51-54.
1314 424 1371 487 135

279 630 388 691 rumque
411 612 541 673 auxilia.
565 611 660 683 Quod
678 611 839 673 discordes
855 611 1079 691 dispersasque
1095 611 1218 672 Vitellii
1233 610 1372 689 legiones

281 711 390 787 equestri
427 709 582 790 procella,
621 728 700 771 mox
731 709 879 788 peditum
910 710 943 771 vi
974 729 1031 790 per
1062 710 1148 770 diem
1180 716 1372 790 noctemque

282 806 401 884 fudisset,
431 808 464 868 id
492 807 746 887 pulcherrimum
775 812 807 868 et
827 808 885 868 »sui
912 808 1026 887 operis.
1055 809 1174 869 Casum
1196 808 1372 869 Cremonae

282 902 342 965 bello
360 906 593 985 inputandam:
620 906 740 966 maiore
763 907 898 983 damno,
920 906 1065 985 plurium
1086 906 1217 967 urbium
1239 906 1372 967 excidiis

259 1007 375 1065 tucteres
401 1005 523 1066 civium
547 1003 723 1065 discordias
744 1004 789 1065 rei
811 1004 960 1083 publicae
981 1006 1115 1066 stetisse.
1142 1006 1215 1067 Non
1237 1025 1270 1066 se
1291 1025 1372 1067 nun-

282 1099 320 1160 tiis
335 1121 430 1182 neque
452 1101 615 1182 epistulis,
638 1101 695 1163 sed
715 1121 816 1162 manu
838 1107 870 1163 et
891 1103 989 1163 armis
1010 1103 1197 1182 imperatori
1215 1123 1273 1164 suo
1288 1103 1373 1163 mili-

283 1200 337 1259 tare.
360 1201 469 1279 Neque
497 1200 622 1262 officere
649 1199 768 1278 gloriae
793 1220 922 1278 eorum,
950 1201 1007 1279 qui
1035 1201 1108 1262 avia
1135 1201 1266 1263 interim
1287 1221 1372 1263 conr-

283 1299 433 1372 posuerint:
460 1298 526 1359 illis
547 1298 688 1359 Moesiae
708 1317 838 1376 pacem,
861 1297 922 1359 sibi
943 1297 1081 1358 salutem
1103 1299 1372 1379 securitatemque

282 1390 368 1457 ltaliae
381 1396 469 1458 cordi
484 1397 591 1473 f’uisse;
607 1396 673 1456 suis
688 1395 968 1457 exhortationibus
984 1395 1106 1456 Gallias
1121 1396 1371 1477 Hispaniasque,

259 1489 486 1554 fralidissimarn
515 1498 674 1554 terrarum
701 1498 843 1572 partem,
872 1491 914 1553 ad
936 1493 1172 1571 Vespasianum
1193 1512 1371 1555 conversas

283 1584 326 1648 Sed
350 1591 497 1653 cecidisse
528 1591 563 1651 in
592 1591 728 1652 inritum
756 1590 897 1669 labores,
929 1591 956 1650 si
984 1590 1128 1669 praemia
1154 1591 1371 1669 periculorum

282 1685 324 1747 soli
344 1689 574 1768 adsequantur,
604 1689 660 1769 qui
685 1688 837 1769 periculis
859 1709 924 1750 non
946 1688 1117 1749 adfuerint.
1146 1690 1212 1751 Nec
1232 1689 1372 1751 fefellere

283 1798 308 1841 ea
327 1786 523 1849 Mucianum:
551 1787 627 1848 inde
653 1807 766 1864 graves
787 1786 984 1861 simultates,
1013 1807 1093 1866 quas
1115 1788 1277 1849 Antonius
1298 1788 1373 1849 sirn-

282 1878 384 1968 plicius,
406 1885 577 1946 Mucianus
598 1883 713 1946 callide
735 1904 836 1964 eoque
857 1883 1084 1964 inplacabilius
1106 1885 1277 1946 nutriebat.

259 1975 273 2034 5
309 1981 341 2043 At
366 1983 515 2044 Vitellius
543 1983 651 2044 fractis
677 1982 765 2062 apud
786 1983 980 2043 Cremonam
1002 1981 1096 2043 rebus
1118 1984 1249 2044 nuntios
1271 1982 1372 2044 cladis
1387 1985 1426 2046 54

282 2080 435 2159 occultans,
474 2081 574 2142 stulta
608 2080 867 2142 dissimulatione
898 2079 1040 2141 remedia
1071 2081 1179 2160 potius
1211 2081 1372 2142 malorum

281 2190 354 2250 quarn
393 2179 482 2240 mala
522 2179 698 2240 differebat.
743 2178 871 2257 Quippe
908 2177 1075 2240 confitenti
1112 2179 1373 2258 consultantique

280 2282 441 2351 supererant
468 2296 540 2355 spes
568 2277 732 2356 viresque,
762 2296 837 2337 cum
860 2296 876 2336 e
897 2276 1057 2337 contrario
1078 2276 1163 2337 laeta
1184 2278 1294 2337 omnia
1314 2277 1373 2337 fin-

279 2378 355 2450 geret,
385 2374 475 2434 falsis
507 2374 779 2452 ingravescebant.
812 2374 932 2434 Mirum
954 2374 1053 2453 ,apud
1084 2374 1193 2453 ipsum
1220 2374 1260 2435 de
1287 2374 1373 2435 bello

259 2460 434 2550 ltilentium3
463 2472 618 2551 prohibiti
646 2491 703 2551 per
730 2472 897 2533 civitatem
918 2491 1096 2550 sermones,
1125 2492 1227 2552 eoque
1247 2473 1372 2552 plures,

279 2578 316 2642 tc,
340 2571 364 2650 si
394 2570 519 2645 liceret,
555 2589 627 2631 vere
660 2570 836 2648 narraturi,
869 2570 946 2648 quia
977 2570 1185 2647 vetabantur,
1217 2572 1373 2632 atrociora

278 2663 469 2744 vulgaverant.
501 2669 566 2729 Nec
598 2667 695 2728 duces
727 2668 872 2729 hostium
899 2668 1064 2745 augendae
1092 2669 1197 2729 famae
1225 2669 1372 2747 deerant,

279 2770 364 2841 captos
406 2765 530 2827 Vitellii
568 2766 785 2845 exploratores
825 2766 1143 2845 circumductosque,
1184 2772 1222 2827 ut
1259 2767 1374 2828 robora

278 2858 382 2924 uictoris
411 2864 569 2924 exercitus
594 2869 778 2940 noscerent,
805 2864 1014 2940 remittend03
1044 2884 1126 2944 quos
1147 2866 1252 2925 omnis
1274 2863 1373 2930 Vitel-

259 2950 321 3021 flius
345 2966 464 3023 secreto
492 2966 699 3040 percontatus
724 2961 861 3022 interfici
890 2962 992 3023 iussit.
1023 2963 1166 3023 Notabili
1193 2964 1385 3024 constantia

276 3061 397 3121 centurio
436 3059 547 3120 Iulius·
579 3059 736 3137 Agrestis,
777 3065 851 3138 post
885 3059 1005 3119 multos
1037 3080 1215 3138 sermones,
1255 3060 1373 3140 quibus

274 3153 422 3219 Vitellium
451 3157 493 3218 ad
520 3157 674 3217 virtutem
703 3157 821 3217 frustra.
849 3158 1060 3235 accendebat,
1089 3159 1245 3237 perpulit,
1274 3164 1312 3219 ut
1332 3158 1373 3218 ad

270 3254 337 3316 vires
367 3256 511 3317 hostium
544 3254 752 3333 spectandas,
785 3276 931 3336 quaeque
963 3256 1051 3335 apud
1082 3257 1274 3317 Cremonam
1303 3262 1383 3320 acta,

264 3352 372 3430 forent,
410 3354 480 3433 ipse
519 3354 707 3414 mitteretur.
748 3353 813 3414 Nec
851 3353 1073 3432 exploratione
1108 3353 1234 3415 occulta
1264 3353 1374 3415 fallere

261 3453 435 3513 Antonium
472 3451 661 3530 temptavit,
700 3450 756 3512 sed
794 3452 950 3513 mandata
980 3452 1182 3531 imperatoris
1213 3471 1374 3531 suumque

259 3550 401 3610 animum
428 3549 605 3627 professus,
633 3554 670 3609 ut
699 3556 816 3611 cuncta
837 3550 970 3628 viseret,
999 3549 1151 3629 postulat.
1182 3548 1289 3625 Missi,
1318 3549 1374 3628 qui

285 3748 310 3800 2.
337 3748 448 3814 procella
467 3748 490 3798 F
509 3748 577 3814 (dcl.
598 3748 651 3812 est).
680 3776 711 3784 -
731 3747 756 3797 4.
777 3746 845 3797 bellu
864 3746 906 3797 F1.
928 3778 960 3786 —
980 3746 1004 3799 6.
1025 3746 1181 3812 Imperatori
1200 3763 1246 3796 suo
1265 3764 1326 3797 corr.
1347 3764 1375 3796 er

259 3840 417 3905 Tmpcratorir
445 3853 479 3887 uo
506 3836 536 3887 F.
562 3867 595 3874 -
615 3837 638 3887 7.
667 3836 726 3886 auia
744 3834 833 3899 scripsi
851 3838 881 3901 cf.
901 3836 962 3889 aaa
983 3836 1035 3887 asia
1053 3836 1076 3886 F
1095 3836 1145 3886 alia
1164 3836 1248 3886 Ritter
1266 3835 1374 3886 Daciam

259 3964 340 4017 lirkcr
358 3961 399 4012 cll.
419 3978 439 4011 c.
460 3961 502 4013 46.
532 3992 565 3998 —
584 3960 609 4013 8.
638 3922 811 4026 composnerll
829 3960 859 4011 F.
890 3991 922 3998 —
944 3962 984 4012 13.
1013 3978 1093 4026 graue
1112 3960 1144 4011 F.
1175 3990 1206 3996 —
1229 3960 1269 4011 19.
1290 3960 1378 4025 nigra«

259 4053 389 4107 uescebant
407 4050 510 4101 Ernesti
528 4050 721 4117 ingrauesccbat
740 4051 770 4102 F.
798 4081 830 4088 -
849 4050 892 4102 ⁴23.
913 4067 960 4101 uro
974 4049 976 4119 l
989 4059 1016 4101 ut
1036 4050 1129 4100 robora
1148 4050 1171 4100 F
1190 4058 1248 4116 (uro
1267 4050 1374 4100 deletum

259 4154 301 4206 at).
324 4172 358 4180 -
380 4139 423 4193 26.
443 4139 568 4206 adgrestis
587 4139 617 4190 F.
