3409 4909
252 433 259 452 ²
309 451 376 517 alb
394 453 435 519 69)
554 408 557 412 ‹
610 468 837 511 nrsroaraaun
860 450 921 509 ΙΙΙ.
945 447 1073 509 36-39.
1342 446 1398 510 127

310 633 463 698 Servilianis
485 637 586 698 hortis
608 636 723 697 turrim
745 636 817 715 <in>
840 636 947 698 vicino
969 636 1066 695 sitam
1088 634 1255 695 conlucere
1274 654 1330 714 per
1345 653 1400 694 no-

311 738 369 794 cum
387 735 499 796 crebris
514 734 692 795 luminibus
707 733 945 795 animadvertit.
968 733 1150 795 Sciscitanti
1165 734 1297 793 causam
1312 732 1400 811 apud

312 828 450 893 Caecinam
491 834 632 893 Tuscum
674 831 798 911 epulari
839 832 976 909 multos,
1025 831 1236 910 praecipuum
1278 831 1399 891 honore

311 925 412 991 lanium
439 931 591 991 Blaesum
619 931 803 1006 nuntiatur3
833 935 938 991 cetera
965 930 999 989 in
1028 929 1150 1004 maius,
1180 927 1219 989 de
1241 934 1400 1007 apparatu

287 1030 333 1086 tet
359 1030 460 1090 solutis
493 1030 527 1089 in
558 1028 726 1089 lasciviam
757 1028 890 1088 animis:
929 1046 988 1087 nec
1019 1026 1164 1102 defuere,
1204 1027 1260 1105 qui
1292 1027 1401 1105 ipsum

312 1121 421 1187 Tuscum
441 1133 473 1188 et
495 1127 590 1203 alios,
612 1125 669 1186 sed
690 1125 894 1187 criminosius
917 1124 1069 1185 Blaesum
1090 1124 1291 1201 incusarent,
1314 1123 1401 1203 quod

263 1239 271 1282 .·
312 1236 377 1298 aegro
401 1225 545 1304 principe
572 1224 673 1284 laetos
702 1222 769 1284 dies
796 1227 910 1299 ageret.
942 1221 1003 1282 Ubi
1025 1227 1208 1300 asperatum
1232 1221 1401 1282 Vitellium

271 1335 274 1342 '
313 1321 334 1376 tt
352 1339 431 1398 posse
459 1322 612 1382 Blaesum
639 1322 779 1400 perverti
808 1321 886 1381 satis
915 1320 1022 1398 patuit
1049 1320 1104 1397 iis,
1134 1320 1190 1399 qui
1216 1320 1401 1399 principum

313 1413 422 1481 offensas·
455 1421 569 1481 acriter
606 1420 829 1499 speculantur,
870 1418 964 1479 datae
999 1419 1033 1478 L.
1067 1418 1198 1479 Vitellio
1230 1418 1402 1479 delationis

235 1565 241 1572 .
277 1515 397 1587 ltpartes.
424 1517 484 1579 Ille
512 1518 656 1578 infensus
686 1517 799 1578 Blaeso
828 1516 1046 1577 aemulatione
1072 1536 1187 1594 prava,
1217 1516 1304 1595 quod
1326 1536 1401 1578 eum

312 1616 375 1675 anni
393 1616 543 1677 dedecore
563 1615 767 1677 maculosum
788 1616 912 1692 egregia
930 1615 1019 1675 fama
1033 1615 1191 1693 anteibat,
1214 1614 1401 1676 cubiculum

310 1704 481 1789 imperatoris
509 1720 642 1789 reserat,
671 1713 777 1774 filium
805 1714 874 1773 eius
901 1713 973 1773 sinu
1003 1712 1192 1791 complexus
1214 1718 1246 1774 et
1267 1712 1402 1790 genibus

277 1815 284 1826 '
311 1809 436 1874 accidens.
475 1813 614 1874 Causam
653 1811 851 1873 confusionis
888 1811 1072 1889 quaerenti,
1111 1830 1177 1871 non
1208 1830 1241 1872 se
1272 1812 1402 1890 proprio

310 1912 375 1969 metu
401 1930 458 1971 nec
489 1911 539 1971 sui
570 1910 721 1986 anxium,
754 1908 809 1969 sed
840 1928 899 1988 pro
927 1908 1039 1986 fratre,
1072 1928 1130 1988 pro
1159 1908 1268 1969 liberis
1296 1909 1402 1969 fratris

242 2051 246 2056 .
309 2015 390 2076 preces
419 2008 633 2088 lacrimasque
665 2007 819 2068 attulisse.
853 2007 985 2067 Frustra
1012 2006 1250 2084 Vespasianum
1278 2006 1402 2083 timeri,

245 2135 250 2140 ·
310 2113 381 2173 luem
409 2111 458 2167 tot
489 2106 698 2167 Germanicae
729 2105 886 2182 legioneS,
918 2109 967 2165 tot
999 2104 1182 2182 provinciae
1215 2104 1334 2165 virtute
1366 2122 1403 2162 ac

309 2190 365 2278 fide,
392 2207 521 2264 tantuna
552 2203 690 2283 denique
721 2207 880 2263 terrarum
912 2221 948 2262 ac
980 2202 1078 2261 maris
1106 2201 1261 2261 inmensis
1291 2200 1403 2279 spatiis

309 2306 395 2361 arceat.
416 2302 456 2360 ln
477 2300 556 2361 urbe
576 2320 614 2361 ac
635 2301 709 2361 sinu
730 2299 913 2361 cavendum
934 2299 1078 2375 hostem,
1100 2299 1213 2359 Iunios
1232 2298 1403 2358 Antonios·
1499 2330 1501 2334 ·

309 2407 352 2469 que
374 2419 449 2461 avos
477 2400 667 2476 iactantem,
696 2399 752 2476 qui
780 2418 813 2459 se
842 2398 942 2476 stirpe
968 2397 1191 2476 imperatoria,
1220 2416 1344 2458 comem
1367 2415 1404 2456 ac

236 2517 242 2524 ·
309 2498 490 2573 magnificum
512 2497 670 2557 militibus
691 2500 838 2558 ostentet.
861 2497 976 2557 Versus
997 2495 1076 2555 illuc
1097 2495 1245 2556 omnium
1263 2500 1403 2570 mentes,

308 2586 365 2654 dum
401 2595 551 2656 Vitellius
590 2595 768 2655 amicorum
806 2594 1078 2673 inimicorumque
1116 2594 1285 2670 neglegens
1317 2593 1404 2653 fovet

307 2693 448 2754 emulum
474 2694 630 2773 principis
658 2692 783 2753 labores
811 2712 827 2753 e
853 2692 1003 2753 convivio
1025 2696 1293 2771 prospectantem.
1324 2689 1404 2751 Red-

303 2784 423 2852 dendam
461 2811 519 2871 pro
556 2790 787 2870 intempestiva
823 2790 948 2851 laetitia
985 2795 1143 2851 maestam
1175 2795 1205 2850 et
1237 2789 1405 2850 funebrem

300 2894 427 2967 noctem,
457 2909 521 2968 quo
552 2890 633 2951 sciat
661 2895 693 2949 et
720 2889 839 2949 sentiat
867 2889 974 2949 vivere
1003 2888 1173 2949 Vitellium
1195 2893 1227 2948 et
1247 2888 1405 2966 imperare

246 2987 282 3048 'b
295 2991 333 3063 et,
364 2989 389 3048 si
421 2987 501 3066 quid
532 2987 598 3048 fato
629 2986 769 3063 accidat,
801 2986 907 3046 filium
938 2986 1065 3047 habere.
1101 2987 1289 3065 Trepidanti
1321 2986 1404 3046 inter
1419 2984 1458 3046 39

293 3084 388 3146 scelus
408 3089 613 3164 metumque,
635 3104 675 3145 ne
697 3084 800 3145 dilata
814 3084 919 3145 Blaesi
934 3104 1020 3145 mors
1035 3089 1197 3144 maturam
1213 3085 1404 3163 perniciem,

288 3182 393 3262 palam
424 3183 512 3243 iussa
539 3188 680 3243 atrocem
708 3181 867 3243 invidiam
892 3181 1002 3257 ferret,
1032 3182 1156 3260 placuit
1176 3202 1300 3243 veneno
1321 3201 1406 3259 gras-

287 3281 357 3342 sari.
379 3278 515 3340 Addidit
536 3279 670 3340 facinori
692 3278 789 3339 fidem
804 3278 940 3340 notabili
955 3279 1072 3355 gaudio
1091 3280 1243 3339 Blaesum
1258 3279 1404 3356 visendo;

283 3380 365 3460 quin
395 3382 428 3438 et
459 3377 571 3437 audita
602 3383 650 3438 est
680 3376 869 3437 saevissima
900 3376 1022 3437 Vitellii
1053 3397 1134 3455 vox,
1167 3396 1232 3456 qua
1259 3397 1291 3438 se
1321 3378 1407 3456 (ipsa

235 3493 264 3550 w
281 3478 372 3540 enim
400 3476 498 3536 verba
525 3475 674 3553 referam)
703 3475 829 3553 pavisse
858 3474 967 3535 oculos
993 3479 1137 3553 spectata
1159 3476 1283 3535 inimici
1304 3479 1406 3535 morte

280 3574 426 3638 iactavit.
465 3573 578 3634 Blaeso
616 3592 712 3651 super
750 3572 929 3633 claritatem
961 3573 1120 3633 natalium
1151 3577 1183 3633 et
1214 3572 1407 3648 elegantiam

280 3692 414 3735 morum
430 3670 505 3732 fidei
519 3671 692 3731 obstinatio
707 3670 827 3732 obfuit:
844 3671 975 3747 integris
990 3689 1119 3749 quoque
1131 3671 1226 3730 rebus
1239 3692 1257 3731 a
1270 3671 1407 3732 Caecina

318 3907 343 3957 l¹
372 3905 386 3938 s
390 3903 418 3953 in
423 3932 438 3972 s
459 3902 543 3953 uicino
563 3901 655 3951 Murrt.
682 3930 714 3939 -
735 3902 758 3953 t.
785 3900 942 3952 criminosiu.
969 3932 1001 3939 -
1024 3901 1064 3954 10.
1084 3901 1240 3952 curulatione
1260 3901 1289 3952 F.
1363 3899 1406 3951 22.

277 3992 417 4047 reddenda
435 3992 466 4043 F.
488 4022 519 4028 -
539 3989 581 4043 23.
601 3990 711 4065 nrpstitia‘a
729 3990 759 4041 F.
781 3989 867 4041 -24,
887 3990 1025 4056 imperaret
1035 3989 1077 4041 Fl.
1099 3989 1184 4042 -27,
1204 3990 1311 4041 crassari
1325 3991 1353 4041 F.
1375 4019 1407 4027 -

276 4084 322 4138 28.
350 4081 459 4134 notabili
482 4080 598 4131 Faernus
626 4080 705 4131 nobili
726 4080 754 4131 F.
782 4110 814 4118 —
834 4081 876 4131 31.
903 4079 1028 4145 elegantia
1046 4079 1068 4129 F
1088 4080 1157 4138 (alal.
1178 4087 1231 4144 eat).
1260 4110 1292 4117 ·-
1312 4079 1354 4132 32.
1382 4080 1408 4129 r'a

278 4193 327 4242 ηις).
349 4173 382 4223 al.
403 4170 468 4221 fides
485 4169 614 4221 obstinata
633 4200 665 4207 -
685 4170 767 4221 obfuit
785 4168 873 4221 arada.
893 4170 943 4220 fuit
962 4170 992 4220 F.
