3409 4909
793 419 852 480 238

258 605 382 683 habile,
422 626 522 685 parva
553 612 644 667 scuta
675 612 708 668 et
738 625 884 668 enormes
915 606 1038 683 gladios
1070 607 1272 685 gerentibus3
1309 629 1389 669 nam

257 705 487 765 Britannorum
514 704 615 781 gladii
643 705 711 767 sine
739 724 893 766 mucrone
921 705 1130 785 complexum
1158 727 1329 769 armorum
1357 715 1388 771 et

257 802 292 861 in
324 807 393 862 arto
423 820 567 880 pugnam
599 822 665 863 non
692 803 884 865 tolerabant.
917 804 1013 881 igitur
1042 809 1077 865 ut
1105 805 1221 866 Batavi
1251 806 1388 868 miscere

257 900 356 975 ictus,
385 899 477 960 ferire
499 900 712 978 umbonibus,
740 921 796 963 ora
817 901 941 980 fodere,
964 902 1081 979 erigere
1102 902 1136 962 iu
1159 902 1258 964 colles
1281 904 1385 966 aciem

258 1016 405 1076 coepere,
444 1003 566 1060 ceterae
603 999 749 1061 cohortes
786 1000 1003 1061 aemulatione
1035 1005 1067 1061 et
1098 1001 1223 1080 impetu
1257 1003 1387 1064 conisae

258 1095 423 1173 proximos
445 1115 574 1175 quoque
595 1097 726 1157 caedere
746 1102 804 1158 cet.

555 1300 711 1343 IUDICIlYM
733 1301 844 1343 TACITI
866 1302 908 1343 DE
929 1302 1081 1347 BATAVIS.

298 1441 472 1501 Germania
499 1461 525 1503 c.
555 1442 603 1502 29.
636 1442 789 1503 Omnium
813 1441 931 1502 harum
953 1442 1098 1519 gentium
1119 1444 1242 1505 uirtute
1264 1448 1386 1524 praeci·

258 1538 314 1616 pui
340 1538 457 1599 Bataui
478 1558 545 1599 non
566 1538 708 1600 multum
731 1559 771 1599 ex
792 1540 878 1619 ripa,
908 1539 965 1600 sed
985 1540 1127 1601 insulam
1149 1541 1255 1603 Rheni
1279 1544 1385 1604 amuis

258 1636 384 1715 colunt,
407 1638 600 1700 Chattorum
622 1637 788 1717 quondam
810 1638 952 1718 populus
973 1644 1005 1699 et
1026 1638 1184 1701 seditione
1205 1639 1386 1703 domestica

257 1734 292 1794 in
319 1754 372 1795 eas
401 1735 492 1796 sedes
521 1740 752 1812 transgressus,
781 1736 814 1796 iu
844 1736 963 1816 quibus
991 1755 1065 1816 pars
1094 1736 1234 1798 Romani
1255 1738 1385 1818 imperii

257 1831 377 1893 fierent.
411 1839 521 1894 manet
552 1833 655 1894 honos
687 1839 718 1894 et
749 1834 903 1913 autiquae
934 1834 1096 1895 societatis
1127 1834 1270 1913 insigue3
1308 1856 1385 1897 narn

258 1950 317 1991 uec
345 1930 475 1991 tributis
503 1935 755 1991 contemnuntur
782 1950 841 1991 uec
870 1931 1063 2010 publicanus
1085 1932 1210 2009 atterit3
1240 1935 1385 2014 exempti

257 2027 407 2088 oneribus
446 2034 477 2089 et
507 2028 734 2091 collationibus
766 2034 798 2089 et
829 2034 959 2089 tautum
991 2029 1025 2089 in
1056 2048 1153 2090 usum
1184 2031 1385 2109 proeliorum

257 2125 405 2203 sepositi,
435 2126 525 2187 uelut
553 2127 616 2187 tela
644 2133 740 2205 atque
769 2146 876 2202 arma,
904 2126 997 2188 bellis
1026 2132 1241 2188 reseruantur.
1272 2134 1322 2190 est
1350 2130 1385 2190 in

258 2222 371 2283 eodem
393 2223 547 2302 obsequio
569 2229 600 2283 et
621 2224 848 2285 Mattiacorum
871 2243 964 2300 geus3
993 2225 1129 2303 protulit
1149 2225 1238 2286 enirn
1260 2228 1385 2302 magui-

257 2321 336 2382 tudo
358 2322 470 2401 populi
493 2322 631 2382 Romani
652 2321 738 2383 ultra
755 2322 908 2383 Rhenum
923 2322 1072 2400 ultraque
1088 2328 1211 2384 ueteres
1227 2325 1384 2386 terminos

257 2420 385 2498 imperii
408 2420 629 2481 reuerentiam.
652 2420 698 2480 ita
719 2419 794 2480 sede
815 2419 1000 2499 finibusque
1022 2420 1055 2479 in
1077 2440 1136 2481 sua
1157 2421 1244 2499 ripa,
1275 2430 1384 2484 mente

257 2520 431 2598 animoque
452 2518 622 2580 nobiscum
644 2523 759 2595 agunt,
782 2523 887 2579 cetera
908 2517 1029 2579 similes
1044 2519 1191 2594 Batauis,
1215 2519 1279 2580 uisi
1295 2521 1384 2600 quod

256 2618 327 2695 ipso
349 2617 456 2678 adhuc
477 2623 579 2677 terrae
600 2636 677 2677 suae
698 2617 767 2677 solo
788 2622 820 2677 et
842 2616 930 2677 caelo
952 2617 1057 2677 acrius
1078 2616 1276 2679 animantur.

536 2812 688 2854 LOCORUM
720 2812 760 2853 ΕΤ
792 2811 968 2855 FLUMINUM
1001 2812 1097 2854 SITUS.

634 2910 753 2953 INSULA
786 2909 1001 2954 BATAVORUM.

297 3052 426 3112 Tacitus
466 3053 550 3112 Anu.
590 3052 634 3111 Il.
672 3052 700 3111 6.
736 3051 942 3129 (describitur
974 3050 1137 3130 quomodo
1169 3052 1385 3115 Germanicus

257 3149 391 3209 classem
414 3148 655 3227 aedificauerit.)

297 3247 409 3307 Insula
429 3248 643 3324 Batavorum,
665 3247 700 3307 in
721 3267 819 3326 quam
841 3246 1051 3308 convenirent
1066 3249 1122 3325 (sc.
1139 3248 1269 3324 naves),
1293 3268 1384 3327 prae-

257 3344 358 3421 dicta,
387 3345 427 3406 ob
457 3343 560 3405 facilis
581 3343 738 3423 adpulsus
759 3344 1019 3423 accipiendisque
1041 3344 1141 3423 copiis
1163 3349 1195 3405 et
1216 3346 1384 3407 transmit

257 3443 392 3504 tendum
428 3443 469 3503 ad
504 3442 627 3503 bellum
665 3447 857 3521 opportuna.
899 3442 984 3501 Nam
1019 3441 1151 3501 Rhenus
1185 3459 1252 3501 uno
1288 3441 1384 3504 alveo

257 3541 430 3601 continuus
459 3546 516 3601 aut
543 3539 687 3600 modicas
715 3538 838 3599 insulas
869 3538 1124 3599 circumveniens
1152 3536 1240 3617 apud
1262 3539 1384 3617 princi-

256 3639 348 3717 pium
377 3640 444 3715 agri
464 3638 581 3698 Bataui
602 3638 693 3698 uelut
714 3637 748 3698 in
770 3636 851 3697 duos
873 3654 985 3696 amnes
1007 3634 1178 3711 dividitur,
1207 3641 1384 3714 seruatque

256 3756 375 3797 nomen
403 3742 436 3797 et
463 3735 653 3796 uiolentiam
679 3753 807 3810 causus,
836 3753 901 3812 qua
923 3732 1131 3793 Germaniam
1153 3732 1383 3812 praeuehitur,

256 3834 358 3895 donec
387 3834 513 3895 Oceano
543 3833 730 3893 misceatur:
760 3832 800 3892 ad
830 3830 989 3891 Gallicam
1016 3830 1121 3909 ripam
1141 3829 1237 3890 latior·
1258 3835 1291 3891 et
1313 3830 1383 3909 pla-

256 3932 357 3992 cidior·
385 3932 531 3993 adfluens
556 3933 664 4008 (uerso
686 3934 898 4007 cognomento
920 3928 1079 3988 Vahalem
1101 3928 1228 3989 accolae
1251 3927 1383 4007 dicunt)

257 4049 333 4090 mox
364 4028 397 4089 id
429 4048 559 4109 quoque
590 4028 787 4089 uocabulum
819 4031 927 4087 mutat
958 4026 1049 4085 Mosa
1078 4024 1214 4085 flumine
1245 4025 1382 4105 eiusque

256 4130 403 4189 inmenso
425 4148 478 4189 ore
500 4126 639 4188 eundem
660 4128 694 4187 in
717 4126 881 4187 Oceanum
904 4123 1096 4185 infunditur.
