3409 4909
342 456 399 516 134
767 474 908 517 corcram
930 475 1041 517 raeiri
1311 462 1346 524 (a.
1367 477 1392 511 u.
1412 458 1461 512 822

339 662 400 703 nus
416 642 508 703 miles
522 642 655 703 fratrem
670 662 783 719 suum,
806 642 882 703 dein
897 644 1024 721 cognito
1039 643 1180 705 facinore
1195 663 1228 705 se
1243 644 1354 723 ipsum
1369 645 1462 705 inter-

339 741 429 817 fecit,
451 746 489 801 ut
509 740 644 801 Sisenna
666 746 833 802 memorat.
857 742 960 803 Tanto
982 742 1084 803 acrior
1100 741 1188 821 apud
1203 743 1358 819 maiores,
1382 743 1464 804 sicut

339 838 514 900 virtutibus
552 838 668 915 gloria,
706 839 751 899 ita
784 838 914 916 flagitiis
946 839 1146 918 paenitentia
1178 838 1249 900 fuit.
1290 838 1353 900 Sed
1385 840 1464 900 haec

339 937 467 1015 aliaque
497 956 538 998 ex
569 942 674 997 vetere
705 937 862 998 memoria
893 938 1009 1015 petita,
1047 937 1196 1015 quotiens
1227 956 1276 997 res
1307 938 1464 1018 locusque

339 1033 489 1112 exempla
510 1035 587 1095 recti
608 1039 665 1095 aut
686 1033 806 1096 solacia
827 1035 905 1095 mali
927 1039 1053 1115 poscet,
1075 1033 1164 1095 haud
1185 1035 1324 1095 absurde
1343 1046 1496 1097 memo-5

338 1132 491 1192 rabimus.

285 1230 325 1290 52
380 1230 522 1291 Antonio
547 1230 747 1309 ducibusque
769 1232 912 1310 partium
934 1231 1098 1310 praemitti
1119 1231 1243 1309 equites
1265 1250 1464 1310 omnemque

339 1327 509 1388 Umbriam
535 1328 696 1407 explorari
716 1328 856 1408 placuit,
884 1329 911 1390 si
933 1349 998 1408 qua
1019 1329 1208 1407 Appennini
1229 1329 1304 1406 iuga
1325 1329 1465 1389 clemen-

338 1427 403 1487 tius
425 1426 605 1502 adirentur,
628 1427 722 1487 acciri
745 1426 871 1506 aquilas
892 1427 1062 1505 signaque,
1084 1430 1116 1487 et
1137 1425 1297 1505 quidquid
1316 1426 1464 1486 Veronae

338 1522 481 1583 militum
509 1523 605 1601 foret,
639 1522 830 1602 Padumque
858 1529 889 1584 et
918 1542 1006 1584 mare
1034 1522 1269 1585 commeatibus
1298 1521 1463 1602 compleri.
1483 1534 1512 1588 10

338 1621 440 1682 Erant
461 1622 544 1681 iuter
564 1620 677 1698 duces,
703 1623 760 1701 qui
781 1626 946 1683 necterent
966 1641 1089 1682 moras:
1111 1622 1232 1700 quippe
1253 1621 1375 1681 nimius
1397 1621 1464 1681 iarn

338 1720 516 1796 Antonius,
555 1724 587 1779 et
623 1720 758 1779 certiora
795 1739 836 1780 ex
868 1720 1020 1780 Muciano
1052 1718 1273 1798 sperabantur.
1313 1719 1464 1797 Namque

338 1818 509 1877 Mucianus
537 1823 603 1878 tam
632 1817 727 1878 celeri
754 1818 889 1879 victoria
917 1818 1049 1895 anxius,
1079 1823 1111 1878 et
1140 1817 1173 1878 ni
1203 1835 1355 1896 praesens
1383 1816 1464 1877 urbe

338 1915 508 1993 potiretur,
530 1920 695 1993 expertem
717 1935 749 1976 se
771 1915 849 1976 belli
869 1915 1052 1995 gloriaeque
1073 1919 1178 1993 ratus,
1201 1914 1243 1975 ad
1264 1914 1412 1974 Primum
1432 1919 1464 1975 et

338 2012 463 2072 Varum
494 2012 601 2073 media
632 2012 850 2091 scriptitabat,
885 2012 1076 2074 instandum
1107 2013 1228 2092 coeptis
1261 2017 1318 2073 aut
1351 2031 1464 2073 rursus
1484 2024 1512 2076 15

338 2109 513 2170 cunctandi
540 2110 697 2171 utilitates
726 2110 903 2172 edisserens
932 2116 1029 2190 atque
1051 2112 1097 2172 ita
1118 2111 1333 2190 compositus,
1364 2115 1400 2171 ut
1423 2130 1465 2171 ex

337 2213 457 2268 eventu
493 2227 601 2269 rerum
639 2207 774 2269 adversa
805 2209 961 2270 abnueret
991 2209 1043 2271 vel
1075 2228 1227 2288 prospera
1259 2213 1463 2285 agnosceret:

338 2304 480 2365 Plotium
510 2305 687 2383 Griphum,
716 2325 820 2385 nuper
841 2326 861 2366 a
882 2307 1081 2385 Vespasiano
1102 2306 1136 2366 in
1158 2307 1358 2367 senatorium
1379 2306 1464 2367 ordi-

337 2422 412 2463 nem
441 2403 601 2463 adscitum
627 2423 664 2464 ac
685 2403 803 2481 legioni
824 2404 1061 2483 praepositum,
1091 2408 1275 2483 ceterosque
1297 2403 1359 2463 sibi
1380 2403 1464 2465 fidos

339 2501 480 2579 apertius
501 2502 644 2577 monuit3
667 2502 766 2580 hique
788 2521 900 2563 omnes
922 2501 961 2562 de
983 2501 1188 2563 festinatione
1210 2501 1310 2561 Primi
1331 2520 1369 2562 ac
1384 2502 1464 2562 Vari
1482 2512 1515 2567 ⁶20

338 2598 465 2658 sinistre
497 2603 528 2659 et
560 2599 712 2660 Muciano
743 2597 886 2660 volentia
918 2600 1114 2678 rescripsere.
1156 2599 1282 2671 Quibus
1313 2600 1465 2678 epistulis

339 2696 538 2775 Vespasiano
559 2696 666 2757 missis
688 2697 851 2774 effecerat,
873 2702 996 2758 utnon
1018 2717 1076 2777 pro
1098 2718 1155 2777 spe
1176 2697 1311 2758 Antonii
1326 2698 1465 2759 consilia

284 2798 324 2860 53
338 2793 487 2872 factaque
515 2794 583 2854 eius
605 2796 860 2856 aestimarentur.
890 2797 991 2872 Aegre
1012 2796 1046 2855 id
1068 2795 1137 2874 pati
1159 2796 1321 2856 Antonius
1343 2800 1375 2856 et
1395 2795 1465 2856 cul-

338 2910 413 2969 pam
435 2892 468 2951 in
485 2892 675 2952 Mucianum
690 2893 848 2970 conferre,
871 2894 962 2954 cuius
978 2893 1257 2954 criminationibus
1273 2893 1465 2955 eviluissent

338 2988 481 3066 pericula
502 3008 576 3066 sua;
605 3009 663 3051 nec
685 2990 887 3051 sermonibus
909 2991 1123 3070 temperabat,
1146 2990 1329 3053 inmodicus
1350 2992 1464 3068 lingua
1482 3002 1515 3056 25

337 3091 370 3146 et
401 3086 547 3165 obsequii
578 3088 727 3149 insolens.
766 3089 904 3150 Litteras
934 3089 976 3148 ad
1008 3090 1244 3168 Vespasianum
1277 3089 1465 3168 composuit

287 3207 289 3214 ¹
337 3183 510 3244 iactantius
532 3204 630 3262 quam
653 3184 694 3246 ad
716 3185 895 3266 principem
917 3206 975 3247 nec
997 3186 1065 3247 sine
1080 3186 1206 3248 occulta
1219 3186 1255 3247 in
1269 3186 1463 3247 Mucianum

337 3280 554 3342 insectatione.
588 3281 627 3343 Se
659 3284 861 3344 Pannonicas
893 3284 1033 3360 legiones
1061 3284 1096 3344 in
1124 3303 1215 3345 arma
1244 3284 1344 3361 egisse
1352 3304 1360 3361 ;
1392 3284 1463 3345 suis

336 3379 477 3439 stimulis
509 3380 630 3441 excitos
663 3380 802 3441 Moesiae
833 3380 947 3459 duces;
986 3400 1045 3443 sua
1077 3382 1258 3443 constantia
1290 3387 1463 3461 perruptas

337 3476 452 3555 Alpes,
481 3483 671 3556 occupatam
694 3478 841 3556 Italiam,
870 3480 1066 3560 intersaepta
1088 3480 1324 3541 Germanorum
1346 3480 1463 3541 Raeto·
1481 3492 1517 3545 30

336 3641 496 3649 --.

375 3760 396 3807 l.
417 3758 501 3824 ipsum
512 3758 602 3823 Fipse
612 3758 729 3825 Ruperti.
747 3788 780 3795 -
790 3760 890 3810 sisenna
901 3756 942 3811 Fl.
965 3790 996 3796 -
1008 3760 1032 3812 3.
1049 3759 1154 3826 flagitiis
1163 3759 1186 3809 F
1195 3758 1289 3825 flagitii
1298 3760 1353 3810 edd.
1364 3777 1414 3825 aeq.
1428 3789 1462 3797 —

335 3917 361 3969 8.
387 3863 520 3968 dimbriam
540 3918 561 3969 F
582 3918 615 3985 (ci
633 3919 661 3969 in
679 3917 750 3983 raa).
778 3948 810 3955 -
832 3919 872 3969 17.
895 3927 974 3969 uentu
993 3920 1023 3969 F.
1045 3948 1078 3956 -
1100 3918 1139 3971 19.
1160 3917 1285 3969 adscitum
1304 3918 1369 3969 Rue.
1390 3918 1463 3969 addi-

336 4086 391 4127 tum
411 4077 441 4127 F.
467 4107 499 4114 —
519 4076 561 4129 24.
582 4024 664 4129 euiluiS
673 4077 676 4148 l
690 4046 745 4130 sent
764 4078 794 4129 F.
816 4108 848 4116 -
868 4077 911 4132 25.
931 4079 1034 4145 linguae
1053 4079 1124 4146 Lipa
1146 4109 1179 4115 —-
1198 4076 1241 4131 26.
1261 4076 1405 4147 litteralF.
1429 4109 1462 4117 -

337 4165 379 4218 30.
399 4183 580 4232 germanorum
600 4167 622 4217 F
641 4169 669 4233 (g
688 4186 715 4218 ca
734 4184 745 4217 s
764 4169 845 4233 corn).
