3409 4909
303 459 322 520 8
729 476 870 519 corruam
892 476 1003 518 sacrm
1276 463 1308 527 (a.
1329 477 1354 511 u.
1374 459 1427 513 822

305 646 402 707 rebus
430 646 609 706 minoribus
638 645 699 706 sihi
725 646 863 725 quisque
884 644 1052 705 tendentes
1075 644 1159 705 circa
1181 646 1351 706 consilium
1373 646 1428 707 eli-

304 744 400 822 gendi
421 744 612 805 successoris
633 744 668 803 in
689 743 770 804 duas
792 742 947 805 factiones
970 742 1207 804 scindebantur.
1231 744 1347 804 Vinius
1369 764 1427 823 pro

305 842 349 902 M.
383 841 527 903 Othone:
560 842 644 903 Laco
676 847 774 920 atque
804 839 910 901 icelus
943 859 1100 901 consensu
1131 859 1198 901 non
1226 845 1294 901 tam
1323 862 1427 903 unum

306 940 450 1019 aliquem
480 939 634 1003 fovebant
661 959 761 1019 quam
788 938 899 1000 alium.
932 939 1044 1019 Neque
1072 944 1140 999 erat
1168 939 1290 1000 Galbae
1317 941 1428 1018 ignota

307 1037 445 1099 Othonis
461 1057 512 1098 vac
540 1038 604 1098 Titi
631 1037 708 1098 Vini
735 1037 894 1114 amicitia;
924 1043 955 1098 et
983 1037 1166 1098 rumoribus
1194 1037 1277 1097 nihil
1299 1037 1462 1101 silenti05

306 1136 614 1213 transmittentium,
636 1136 713 1214 quia
733 1135 831 1197 Vinio
849 1135 949 1199 vidua
964 1134 1046 1211 filia,
1069 1135 1193 1196 caelebs
1209 1135 1310 1209 Otho,
1332 1154 1427 1212 gener

307 1253 343 1294 ac
365 1253 453 1294 socer
473 1232 728 1294 destinabantur.
751 1233 853 1294 Credo
875 1238 907 1294 et
927 1233 973 1294 rei
994 1231 1143 1311 pubhcae
1161 1252 1272 1294 curam
1287 1233 1427 1310 subisse,

307 1330 427 1392 frustra
448 1350 467 1390 a
488 1331 614 1392 Nerone
634 1331 825 1409 translatae,
848 1331 875 1391 si
897 1330 986 1410 apud
1008 1331 1170 1392 Othonem
1185 1330 1427 1409 relinqueretur.

219 1413 222 1420 ¹
307 1429 456 1507 Namque
478 1428 563 1489 Otho
585 1429 759 1507 pueritiam
779 1429 955 1506 incuriose,
978 1427 1231 1489 adulescentiam
1245 1428 1430 1508 petulanter

307 1530 429 1603 egerat,
457 1531 566 1602 gratus
595 1526 714 1587 Neroni
742 1525 959 1587 aemulatione
986 1525 1093 1587 luxus.
1123 1527 1235 1605 quue
1259 1526 1326 1586 iam
1347 1527 1470 1605 Pop-1(

308 1642 424 1703 paeam
462 1622 632 1701 Sabinam,
670 1623 848 1702 principale
880 1628 1037 1701 scortum,
1075 1629 1113 1684 ut
1144 1622 1232 1702 apud
1263 1623 1429 1684 conscium

308 1720 484 1781 libidinum
512 1720 721 1799 deposuerat,
749 1719 851 1782 donec
880 1721 1048 1782 Octaviam
1074 1740 1209 1782 uxorem
1231 1720 1428 1782 amoliretur.

308 1818 388 1878 Mox
409 1823 596 1896 suspectum
616 1818 650 1878 iu
669 1817 781 1879 eadem
797 1819 948 1898 Poppaea
961 1819 996 1878 in
1010 1819 1211 1898 provinciam
1226 1819 1430 1879 Lusitaniam

309 1916 415 1995 specie
435 1915 605 1992 legationis
627 1916 778 1995 seposuit.
802 1916 888 1977 Otho
909 1916 1042 1977 comiter
1059 1915 1286 1976 administrata
1300 1916 1430 1995 provin-

309 2013 358 2074 cia
390 2013 516 2092 primus
550 2014 585 2073 in
616 2018 724 2092 partes
755 2018 971 2091 transgressus
999 2032 1065 2090 aec,
1100 2003 1324 2082 dortec'bcllum
1347 2012 1430 2090 fait,
1451 2029 1470 2079 1!

308 2111 405 2189 sep-nia
435 2118 462 2171 ct
492 2110 576 2171 inter
607 2115 790 2189 praesentes
816 2110 1098 2191 splendidissimus
1127 2098 1218 2190 spem
1246 2111 1430 2189 adoptionis

310 2209 421 2269 statim
442 2214 633 2287 conceptam
655 2210 759 2270 acrius
780 2209 813 2269 in
836 2210 904 2270 dies
926 2210 1086 2289 rapiebat,
1114 2209 1299 2271 faventibus
1320 2209 1431 2287 pleris-

278 2320 281 2325 ·
310 2325 372 2384 que
394 2305 554 2384 militum,
576 2326 679 2385 prona
699 2307 734 2367 in
755 2326 830 2368 eum
852 2308 928 2368 aula
948 2307 1084 2368 Neronis
1105 2311 1143 2367 ut
1164 2306 1313 2367 similem.

257 2412 295 2473 14
350 2402 412 2464 Sed
434 2403 538 2464 Galba
559 2409 632 2482 post
649 2404 781 2465 nuntios
797 2402 1008 2465 Germanicae
1026 2403 1208 2481 seditioniS,
1230 2423 1431 2483 quamquam

309 2502 393 2564 nihil
415 2502 522 2563 adhuc
543 2502 583 2563 de
604 2502 736 2563 Vitellio
755 2508 894 2580 certum,
916 2503 1049 2580 anxius,
1072 2506 1215 2582 quonam
1230 2503 1429 2563 exercituum
1451 2515 1470 2567 ‘21

310 2601 359 2664 vis
392 2605 589 2680 erumperet,
627 2620 668 2661 ne
698 2590 823 2662 urbano
855 2601 987 2681 quidem
1018 2601 1116 2662 militi
1148 2600 1303 2678 confisus,
1343 2602 1433 2680 quod

310 2698 490 2760 remedium
517 2699 652 2759 unicum
673 2699 818 2778 rebatur,
847 2699 979 2761 comitia
998 2699 1127 2777 imperii
1147 2699 1311 2776 transigit3
1341 2697 1432 2758 adhi-

310 2797 443 2876 bitoque
474 2816 570 2875 super
602 2798 737 2858 Vinium
768 2818 805 2859 ac
836 2799 998 2859 Laconem
1026 2798 1129 2858 Mario
1158 2796 1267 2874 Celso,
1300 2796 1432 2857 consule

311 2894 492 2971 designato,
514 2914 552 2954 ac
573 2895 718 2956 Ducenio
740 2895 893 2974 Gemino,
915 2895 1076 2975 praefecto
1097 2895 1201 2972 urbis,
1223 2914 1328 2974 pauca
1343 2913 1433 2973 prae-

255 3006 258 3012 ·
310 2991 396 3071 fatus
418 2991 537 3052 desua
559 2997 737 3069 senectute,
759 2993 908 3054 Pisonem
931 2993 1136 3054 Licinianum
1158 2992 1304 3053 accersiri
1326 2992 1431 3063 iubet,
1451 3004 1470 3056 2

200 3091 205 3099 “
311 3110 367 3151 seu
394 3089 524 3169 propria
551 3089 706 3151 electione
732 3091 815 3168 sive,
844 3096 882 3152 ut
901 3091 1036 3171 quidam
1057 3089 1276 3168 crediderunt,
1305 3090 1432 3150 Lacone

309 3189 467 3265 instante,
490 3187 541 3248 cui
563 3188 650 3267 apud
672 3188 860 3250 Rubellium
882 3189 1036 3250 Plautum
1057 3188 1198 3250 exercita
1219 3208 1294 3249 cum
1316 3188 1432 3249 Pisone

311 3285 470 3362 amicitia,
502 3285 557 3346 sed
590 3285 705 3347 callide
736 3292 774 3348 ut
801 3287 949 3365 ignotum
976 3287 1119 3363 fovebat,
1152 3290 1184 3346 et
1211 3304 1364 3364 prospera
1393 3284 1432 3345 de

311 3384 426 3445 Pisone
453 3383 541 3444 fama
569 3384 702 3445 consilio
731 3386 800 3446 eius
828 3385 926 3446 fidem
949 3384 1126 3445 addiderat.
1156 3383 1229 3444 Piso
1251 3383 1294 3443 M.
1317 3383 1432 3443 Crasso

311 3486 343 3543 et
380 3480 548 3543 Scribonia
578 3482 722 3559 genituS,
760 3482 879 3543 nobilis
910 3471 1090 3561 utrimque,
1129 3481 1221 3543 voltu
1252 3480 1468 3560 habituque3

281 3574 284 3579 ’
312 3580 410 3641 moris
437 3578 564 3658 antiqui
591 3583 624 3641 et
647 3580 872 3641 aestimatione
893 3585 979 3641 recta
1000 3599 1145 3656 severus,
1174 3578 1315 3639 deterius
1336 3578 1432 3638 inter·

347 3733 371 3785 3.
391 3735 523 3783 consensit.
544 3761 577 3768 -
596 3732 622 3782 4.
641 3731 735 3798 ignota.
756 3761 788 3769 -
809 3732 833 3785 6.
852 3732 944 3803 celeps.
965 3761 998 3768 -
1013 3728 1053 3784 10.
1073 3730 1125 3781 iam
1141 3729 1210 3781 omis.
1230 3728 1310 3795 itlipp.
1323 3727 1432 3792 illciscr,

289 3819 292 3824 -
312 3848 359 3898 alii
453 3821 468 3861 a
487 3812 528 3879 (Μ’
545 3810 581 3877 2),
601 3877 633 3885 -
650 3848 690 3899 15.
710 3818 790 3898 donec
805 3842 901 3899 bellum
917 3846 966 3898 fuit
977 3853 1034 3897 cate
1048 3846 1131 3912 segnis
1145 3845 1298 3911 tramposuit
1312 3844 1434 3895 Heraeus

311 3971 358 4006 nec
382 3953 465 4020 segnis
489 3960 515 4004 et
539 3952 620 4004 donec
643 3952 739 4002 bellum
762 3952 811 4003 fuit
829 3952 898 4003 inter
916 3952 946 4003 F.
973 3981 1006 3989 -
1028 3952 1068 4003 11.
1093 3950 1163 4002 indie
1181 3949 1216 4001 Fl
1233 3951 1330 4002 indiem
1350 3950 1385 4001 F2
1403 3952 1433 4016 cf.

307 4079 336 4127 p.
362 4062 403 4111 11.
422 4058 464 4113 28.
491 4089 524 4097 -
543 4058 585 4112 20.
605 4041 659 4160 gna
677 4060 722 4126 (-
741 4059 799 4109 add.
825 4076 857 4108 m.
877 4057 917 4124 a).
945 4087 976 4095 —
996 4055 1039 4107 22.
1065 4056 1202 4122 transsigit.
1229 4087 1262 4094 -
1282 4055 1324 4109 25.
1351 4073 1433 4107 accer-

311 4167 364 4218 siri.
384 4196 418 4205 -
438 4167 480 4219 31.
500 4164 677 4217 aestimatione
694 4164 838 4215 Beroaldus
857 4163 1024 4215 extimatione
1043 4163 1065 4213 F
1084 4164 1113 4229 cf.
1130 4181 1157 4229 p.
1180 4162 1220 4214 10.
1241 4164 1265 4215 o.
