3409 4909
279 490 306 539 p.
327 472 376 523 Ch.
396 471 442 529 691
641 467 1057 530 HrsronrnnunIV.1—3.
1348 470 1406 532 157
1437 473 1440 477 ’

279 657 486 718 Praefectura
507 656 659 735 praetorii
675 675 773 735 penes
788 656 920 716 Arrium
936 656 1075 732 Varum,
1097 674 1226 715 summa
1240 654 1408 733 potentiae

279 756 316 816 in
348 755 456 815 Primo
488 754 646 815 Antonio:
684 754 712 814 is
743 754 916 833 pecuniam
948 754 1171 831 familiamque
1203 773 1219 813 e
1251 752 1407 832 principis

281 852 379 914 domo
408 852 501 929 quasi
527 851 777 913 Cremonensem
797 851 952 930 praedam
974 871 1100 931 rapere;
1130 852 1225 912 ceteri
1246 850 1407 912 modestia

280 951 335 1013 vel
355 949 557 1028 ignobilitate
578 955 616 1011 ut
636 950 670 1010 in
688 949 773 1010 bello
789 949 932 1025 obscuri,
954 950 1001 1009 ita
1015 949 1233 1028 praemiorum
1248 954 1404 1028 expertes

245 1062 261 1113 5
282 1048 405 1110 Civitas
433 1046 553 1127 pavida
575 1052 607 1108 et
627 1048 758 1110 servitio
779 1052 892 1127 parata
914 1048 1064 1126 occupari
1085 1047 1274 1108 redeuntem
1295 1048 1406 1107 Tarra-

281 1147 356 1207 cina
383 1145 418 1205 L.
447 1144 617 1205 Vitellium
647 1164 722 1205 cum
743 1145 930 1206 cohortibus
951 1145 1162 1222 extinguique
1183 1145 1308 1224 reliqua
1328 1143 1406 1205 belli

282 1242 479 1323 postulabat.
518 1242 691 1303 Praemissi
728 1242 871 1303 Ariciam
909 1242 1049 1321 equites;
1090 1262 1204 1318 agmen
1241 1242 1407 1319 legionum

280 1342 369 1403 intra
399 1340 542 1402 Bovillas
570 1341 667 1401 stetit.
701 1340 767 1401 Neo
795 1345 966 1401 cunctatus
995 1346 1043 1401 est
1070 1339 1221 1401 Vitellius
1249 1359 1346 1419 seque
1375 1344 1407 1400 et

282 1439 430 1500 cohortes
451 1438 584 1500 arbitrio
605 1438 736 1500 victoris
757 1438 958 1517 permittere,
987 1443 1019 1498 et
1040 1438 1132 1498 miles
1154 1436 1295 1498 infelicia
1317 1456 1407 1497 arma

232 1551 262 1604 10
281 1536 372 1597 haud
394 1537 503 1597 minus
523 1536 573 1597 ira
594 1555 693 1615 quam
714 1542 804 1597 metu
826 1536 951 1596 abiecit.
973 1536 1102 1612 Longus
1125 1534 1309 1595 deditorum
1328 1532 1406 1594 ordo

282 1641 414 1715 saeptus
445 1634 579 1695 armatis
607 1653 664 1713 per
691 1634 804 1694 urbem
832 1634 979 1710 incessit,
1008 1652 1103 1694 nemo
1131 1632 1272 1712 supplici
1297 1632 1406 1709 voltu,

283 1733 339 1795 sed
368 1733 475 1793 tristes
504 1737 536 1793 et
563 1736 668 1793 truces
696 1736 728 1792 et
756 1730 927 1792 adversum
956 1730 1090 1809 plausus
1112 1750 1149 1792 ac
1169 1730 1339 1792 lasciviam
1360 1730 1407 1789 in·

283 1831 437 1892 sultantis
460 1830 546 1907 volgi
567 1829 748 1890 inmobiles.
772 1830 894 1889 Paucos
916 1847 1083 1907 erumpere
1099 1847 1193 1889 ausos
1209 1828 1407 1889 circumiecti

283 1947 441 2009 pressere;
464 1927 559 1989 ceteri
580 1927 616 1986 in
637 1925 818 1987 custodiam
832 1925 970 2003 conditi,
992 1925 1075 1985 nihil
1090 1926 1264 2004 quisquam
1279 1924 1407 1985 locutus

232 2041 263 2091 15
282 2026 472 2103 indignum,
493 2029 526 2086 et
546 2041 747 2106 quamquam
767 2024 851 2085 inter
873 2023 1023 2101 adversa,
1046 2024 1137 2086 salva
1158 2024 1288 2085 virtutis
1309 2023 1406 2083 fama.

284 2124 369 2185 Dein
390 2123 508 2184 Lucius
530 2121 681 2183 Vitellius
702 2121 908 2199 interficitur,
932 2141 989 2201 par
1010 2122 1098 2184 vitiis
1119 2122 1242 2200 fratris,
1265 2123 1300 2182 in
1321 2122 1407 2201 prin-

284 2222 395 2301 cipatu
426 2221 495 2281 eius
522 2219 708 2297 vigilantior
734 2239 793 2280 nec
821 2219 954 2298 perinde
982 2221 1144 2299 prosperis
1173 2221 1279 2281 socius
1307 2239 1408 2299 quam

284 2319 428 2381 adversis
449 2318 639 2379 abstractus.
1500 2302 1509 2311 ⁵

325 2417 434 2478 Isdem
465 2416 579 2477 diebus
610 2415 753 2477 Lucilius
785 2416 904 2476 Bassus
938 2435 1014 2476 cum
1044 2416 1196 2494 expedito
1227 2416 1335 2494 equite
1363 2414 1439 2482 ad3

237 2526 268 2582 ‘20
285 2513 543 2595 componendam
570 2514 783 2593 Campaniam
805 2514 961 2591 mittitur,
990 2512 1190 2574 discordibus
1215 2512 1408 2591 municipio-

285 2633 358 2673 rum
386 2612 503 2673 animis
531 2612 633 2689 magis
661 2612 744 2672 inter
771 2615 872 2671 semet
901 2631 999 2689 quam
1025 2611 1229 2671 contumacia
1251 2610 1407 2672 adversus

284 2709 475 2789 principem.
503 2708 582 2775 Viso
607 2707 711 2769 milite
733 2708 839 2786 quies3
869 2713 900 2769 et
922 2708 1101 2769 minoribus
1123 2708 1256 2769 coloniis
1278 2708 1408 2787 inpuni-

285 2813 350 2868 tas:
379 2807 509 2885 Capuae
537 2806 619 2883 legio
647 2807 741 2867 tertia
762 2805 930 2867 hiemandi
952 2825 1048 2866 causa
1069 2806 1209 2881 locatur,
1238 2811 1270 2866 et
1291 2806 1408 2866 domus

284 2904 426 2966 illustres
447 2904 601 2982 afflictae,
623 2923 698 2965 cum
720 2909 832 2965 contra
853 2904 1098 2964 Tarracinenses
1120 2903 1212 2964 nulla
1234 2923 1294 2983 ope
1317 2904 1407 2965 iuva-

237 3009 266 3067 a]
284 3006 405 3063 rentur.
435 3002 538 3063 Tanto
567 3002 742 3081 proclivius
771 3006 819 3063 est
846 3002 984 3063 iniuriae
1005 3022 1103 3081 quam
1125 3001 1281 3062 beneficio
1304 3002 1408 3062 vicem

285 3100 450 3177 exolvere,
479 3100 555 3177 quia
575 3100 678 3177 gratia
699 3100 803 3176 oneri,
827 3100 908 3160 ultio
929 3100 964 3159 in
986 3105 1123 3179 quaestu
1145 3098 1290 3159 habetur.
1321 3098 1408 3159 Sola-

285 3199 335 3259 cio
363 3198 426 3258 fuit
449 3217 560 3259 servus
582 3198 724 3276 Verginii
747 3199 930 3277 Capitonis,
959 3217 1055 3277 quem
1077 3197 1274 3276 proditorem
1297 3197 1408 3257 Tarra·

285 3297 466 3357 cinensium
488 3295 647 3374 diximus,
676 3297 822 3376 patibulo
844 3296 972 3357 adfixus
993 3297 1028 3356 in
1048 3295 1151 3356 isdem
1174 3294 1296 3372 anulis,
1327 3315 1408 3374 quos

286 3398 434 3473 acceptos
456 3414 475 3455 a
496 3393 627 3455 Vitellio
648 3394 801 3471 gestabat.

232 3495 268 3558 30
327 3493 372 3551 At
401 3492 523 3552 Romae
554 3495 685 3551 senatus
713 3496 829 3552 cuncta
857 3491 1058 3570 principibus
1086 3490 1181 3551 solita
1210 3490 1408 3568 Vespasiano

287 3589 446 3665 decernit,
474 3589 577 3649 laetus
605 3593 637 3649 et
666 3590 733 3667 spei
762 3594 884 3649 certus:
913 3589 1034 3668 quippe
1056 3592 1186 3665 sumpta
1208 3607 1264 3666 per
1286 3587 1408 3647 Gallias

287 3686 529 3765 Hispaniasque
551 3686 660 3748 civilia
678 3706 783 3763 arma,
804 3686 902 3747 motis
918 3686 959 3746 ad
973 3685 1096 3746 bellum
1113 3685 1308 3760 Germaniis,
1331 3704 1409 3744 mox

323 3917 347 3969 6.
375 3915 505 3981 exstingui
517 3913 520 3985 Ι
533 3933 584 3981 que
602 3916 632 3967 F.
663 3946 695 3953 —-
716 3918 739 3967 7.
760 3913 871 3984 aroiaml
893 3916 923 3967 F.
946 3946 977 3953 -
997 3915 1021 3968 8.
1041 3914 1149 3965 Intrabo
1169 3914 1243 3963 uillas
1262 3914 1291 3963 F.
1313 3943 1345 3950 -
1367 3912 1407 3964 12.

287 4007 368 4057 adase
378 4007 447 4073 plas;
467 4006 497 4057 F.
518 4035 551 4044 -
564 4007 604 4057 14.
624 4023 740 4077 prqssorc
751 4007 772 4056 F
783 4007 811 4071 cs.
823 4007 893 4055 xliia.
907 4006 980 4069 llo,
1002 4004 1061 4057 lca
1072 4020 1222 4069 oppressere
1232 4002 1354 4053 Faernus.
1375 4032 1407 4039 -

289 4096 329 4148 16.
348 4096 403 4146 fris.
425 4125 457 4132 -
476 4095 516 4147 19.
536 4095 626 4145 [ddem
637 4095 660 4145 F
661 4092 679 4145 1.
701 4125 733 4131 -
744 4094 786 4145 ¹27.
806 4093 926 4159 Verginii
936 4093 1092 4143 Puteolanus
1103 4091 1174 4157 sigilii
1184 4092 1206 4141 F
1216 4092 1245 4157 cf.
1259 4091 1362 4144 149229.
1375 4119 1408 4128 -

288 4182 329 4235 3'2.
349 4182 497 4233 Germaniis
516 4183 597 4233 Halm
616 4184 644 4248 cs.
666 4182 761 4234 lla‘rt
780 4182 909 4247 germanis
928 4182 958 4233 F.
