3409 4909
325 462 365 523 80
748 481 888 523 connum
909 480 1020 523 raom
1295 466 1328 531 (a.
1348 483 1374 516 u.
1394 464 1446 518 822

325 654 356 710 et
377 649 507 710 initium
529 649 636 710 caedis
658 648 870 728 quaerebant,
893 670 968 711 cum
990 650 1071 710 alius
1089 651 1221 729 insuper
1235 655 1340 711 metus
1356 669 1446 710 sena-

324 747 448 808 toribus
470 747 619 826 instaret,
640 767 681 809 ne
702 747 897 828 praevalidis
911 748 976 808 iam
995 748 1116 808 Vitellii
1131 747 1277 827 partibus
1292 752 1446 808 cunctan-

324 851 373 906 ter
400 846 563 925 excepisse
584 845 752 907 victoriam
774 844 987 907 crederentur.
1016 846 1067 907 Ita
1088 845 1205 925 trepidi
1228 850 1259 907 et
1280 846 1445 924 utrimque

324 943 414 1003 anxii
436 946 567 1020 coeunt,
589 963 684 1004 nemo
706 944 860 1023 privatim
881 942 1033 1022 expedito
1054 944 1204 1020 consilio,
1226 945 1309 1004 inter
1323 944 1445 1005 multos

324 1040 475 1102 societate
513 1040 627 1120 culpae
664 1042 772 1102 tutior.
812 1040 975 1102 Onerabat
1012 1042 1203 1120 paventium
1241 1061 1333 1103 curas
1365 1042 1480 1104 ord05

324 1138 518 1199 Mutinensis
533 1158 623 1199 arma
637 1143 669 1200 et
682 1139 855 1217 pecuniam
868 1139 1048 1217 offerendo,
1071 1139 1321 1219 appellabatque
1336 1145 1443 1218 patres

270 1248 310 1307 53
325 1236 522 1316 conscriptos
542 1237 770 1316 intempestivo
792 1237 921 1299 honore.
944 1238 1094 1299 Notabile
1115 1238 1257 1315 iurgium
1277 1237 1355 1316 fuit,
1377 1258 1443 1317 quo

324 1324 466 1394 Licinius
488 1334 626 1395 Caecina
646 1333 836 1395 Marcellum
858 1335 993 1413 Eprium
1015 1340 1053 1396 ut
1067 1335 1219 1413 ambigua
1233 1335 1444 1397 disserentem

323 1432 451 1494 invasit.
474 1432 539 1493 Nec
560 1433 657 1493 ceteri
677 1434 853 1494 sententias
868 1434 1070 1513 aperiebant3
1093 1433 1149 1494 sed
1164 1434 1307 1494 invisum
1323 1454 1444 1495 memo-

324 1529 371 1590 ria
399 1530 599 1591 delationum
626 1531 875 1609 expositumque
903 1531 944 1591 ad
972 1531 1129 1592 invidiam
1158 1532 1302 1593 Marcelli
1323 1552 1443 1592 nomen
1465 1542 1498 1595 10

323 1628 512 1689 inritaverat
533 1628 719 1704 Caecinam,
748 1633 785 1689 ut
806 1648 910 1689 novus
932 1628 1039 1689 adhuc
1061 1630 1147 1689 etin
1169 1634 1318 1689 senatum
1339 1647 1443 1708 nuper

324 1726 465 1787 adscitus
487 1726 611 1803 magnis
626 1726 805 1799 inimicitiis
820 1726 1013 1787 claresceret.
1036 1726 1257 1787 Moderatione
1271 1726 1444 1786 meliorum

323 1824 491 1906 dirempti:
520 1829 552 1885 et
578 1824 698 1885 rediere
727 1843 837 1885 omnes
866 1824 1063 1903 Bononiam,
1091 1843 1201 1885 rursus
1226 1824 1443 1901 consiliaturi,

324 1922 422 1982 simul
450 1921 557 1983 medio
586 1923 741 2000 temporis
768 1923 877 2002 plures
899 1923 1007 1984 nuntii
1028 1922 1248 2002 sperabantur.
1278 1923 1444 1983 Bononiae

324 2019 435 2081 divisis
465 2014 524 2099 per
554 2020 685 2098 itinera,
717 2020 774 2099 qui
801 2020 1059 2081 recentissimum
1088 2039 1250 2099 quemque
1276 2024 1444 2107 perconta-
1465 2034 1496 2084 15

323 2123 446 2196 rentur,
486 2118 699 2197 interrogatus
741 2117 878 2179 Othonis
919 2118 1053 2179 libertus
1094 2137 1225 2178 causam
1267 2115 1443 2195 digressus,

323 2216 441 2277 habere
462 2235 495 2277 se
517 2235 668 2296 suprema
689 2216 757 2277 eius
779 2215 935 2276 mandata
952 2216 1118 2296 respondit
1125 2236 1132 2293 3
1155 2216 1264 2295 ipsum
1278 2216 1443 2277 viventem

323 2314 456 2393 quidem
477 2314 624 2375 relictum
635 2363 642 2392 ,
664 2313 719 2375 sed
741 2314 810 2375 sola
830 2314 1028 2393 posteritatis
1050 2333 1127 2374 cura
1148 2319 1180 2374 et
1196 2303 1342 2392 abripti's
1357 2312 1444 2373 vitae

322 2412 561 2473 blandimentis.
590 2413 677 2472 Hinc
704 2411 876 2472 admiratio
903 2415 935 2471 et
963 2410 1057 2489 plura
1084 2407 1301 2486 interrogandi
1321 2407 1428 2488 pudor
1435 2429 1443 2485 ;
1469 2443 1472 2448 ·

268 2524 309 2585 54
323 2514 419 2588 atque
459 2510 605 2570 omnium
644 2508 745 2569 animi
775 2508 810 2568 in
842 2508 1011 2569 Vitellium
1042 2508 1246 2567 inclinavere.
1285 2507 1444 2567 Intererat
1462 2523 1495 2577 <20

323 2608 465 2668 consiliis
486 2607 583 2668 frater
604 2607 672 2668 eius
694 2607 728 2667 L.
757 2606 909 2667 Vitellius
931 2625 1028 2685 seque
1050 2606 1115 2665 iam
1137 2604 1345 2666 adulantibus
1368 2604 1443 2665 offe-

323 2704 427 2783 rebat,
450 2726 525 2766 cum
538 2710 669 2784 repente
683 2705 826 2782 Coenus,
844 2705 980 2765 libertus
994 2704 1146 2782 Neronis,
1162 2704 1261 2765 atroci
1273 2702 1443 2763 mendacio

322 2804 490 2864 universos
520 2803 673 2882 perculit,
705 2802 881 2863 adfirmans
912 2806 1110 2882 superventu
1138 2806 1270 2881 quartae
1299 2799 1443 2861 decimae

322 2899 473 2977 legionis,
501 2901 619 2961 iunctis
640 2921 659 2961 a
680 2900 822 2961 Brixello
843 2899 983 2978 viribus,
1012 2919 1119 2961 caesos
1142 2900 1293 2978 victores,
1315 2917 1443 2960 versam

322 2999 465 3076 partium
486 2998 659 3059 fortunam.
689 2998 794 3059 Causa
815 2997 957 3075 fingendi
977 2997 1055 3075 fuit,
1083 2997 1322 3076 utdiplomata
1343 2995 1443 3057 Otho·
1461 3012 1493 3065 25

323 3096 389 3172 nis,
419 3115 501 3175 quae
530 3096 793 3173 neglegebantur,
825 3096 956 3156 laetiore
985 3096 1100 3156 nuntio
1128 3094 1368 3155 revalescerent.
1401 3094 1443 3153 Et

259 3237 264 3249 .
322 3193 449 3254 Coenus
478 3193 610 3273 quidem
638 3194 756 3273 raptim
783 3194 818 3253 in
846 3193 960 3254 urbem
988 3198 1099 3254 vectus
1116 3183 1247 3272 paucos
1274 3196 1349 3270 post
1374 3191 1442 3253 dies

321 3292 412 3352 iussu
444 3291 568 3352 Vitellii
599 3310 717 3370 poenas
750 3290 819 3352 luit.
856 3290 1048 3352 Senatorum
1079 3289 1260 3369 periculum
1291 3294 1441 3367 auctum,

322 3389 526 3451 credentibus
550 3388 743 3450 Othonianis
764 3388 923 3449 militibus
944 3408 1020 3449 vera
1041 3406 1123 3465 esse,
1153 3406 1235 3466 quae
1256 3385 1442 3448 adfereban-

321 3492 390 3548 tur:
412 3486 602 3549 intendebat
623 3486 845 3564 formidinem,
874 3485 962 3565 quod
983 3486 1106 3565 publici
1129 3485 1255 3546 consilii
1276 3484 1357 3545 facie
1379 3484 1441 3545 dis·
1460 3503 1494 3556 30

320 3604 448 3646 cessum
486 3585 614 3645 Mutina
652 3583 858 3663 desertaeque
897 3588 1004 3663 partes
1042 3584 1161 3660 forent,
1199 3602 1258 3642 nec
1290 3582 1376 3643 ultra
1407 3583 1441 3641 in

357 3818 381 3870 2.
408 3819 529 3870 instraret
548 3819 578 3870 F.
598 3850 631 3857 —
652 3821 674 3871 7.
696 3818 820 3884 Intepesti
838 3818 869 3868 F.
892 3848 924 3855 -
944 3818 1057 3883 iurgium
1076 3818 1130 3868 cdd.
1150 3836 1199 3884 aeq.
1219 3816 1338 3883 uirgenir‘r
1357 3817 1387 3868 F.
1409 3846 1441 3853 —

321 3908 346 3959 9.
366 3910 451 3960 lanua
470 3909 501 3958 sit
522 3909 644 3975 (priorem
662 3926 678 3958 a
696 3909 790 3959 deleuit
807 3927 839 3958 m.
860 3906 895 3973 2).
917 3938 950 3945 —
969 3907 1061 3958 ceteris
1080 3905 1121 3958 Fl.
1142 3936 1175 3943 -
1187 3906 1333 3957 ,sententias
1345 3905 1387 3958 1²1.
1408 3935 1440 3942 —

321 3997 412 4046 lnnisu
431 3997 471 4050 F.
483 4027 516 4034 -
538 3995 577 4048 12.
598 3997 696 4047 adscitr‘r
714 3996 756 4047 Fl.
777 4026 810 4033 -
832 3997 873 4049 15.
893 4003 1013 4062 quenque
1029 3996 1059 4047 F.
1080 4002 1339 4061 -percunctaretur
1357 3995 1387 4045 F.
1408 4024 1440 4031 -

323 4086 364 4138 16.
385 4086 514 4137 Imbertus
532 4086 561 4136 F.
583 4116 615 4122 —
634 4085 677 4137 27.
697 4085 786 4151 rapide
805 4086 831 4136 in
850 4086 904 4136 odd.
925 4103 974 4152 aeq.
994 4084 1087 4151 rapidir
1104 4085 1229 4151 Fraptim
1240 4085 1266 4135 in
1280 4083 1386 4135 Gronov.
1408 4113 1440 4120 -

320 4174 364 4227 28.
385 4173 484 4225 iniussu
505 4174 614 4242 Spmpel
631 4177 661 4240 os.
680 4192 701 4225 c.
722 4177 764 4227 ot.
1403 4171 1405 4176 ’
