3409 4909
314 482 354 542 48
415 510 420 517 ·
741 499 882 543 connum
904 453 1025 542 racrrr
1283 487 1319 550 (a.
1339 503 1365 537 u.
1385 484 1435 539 822

259 669 299 730 86
314 668 376 747 ipsi
397 668 625 746 obstrepentes
649 667 797 744 Prodigia
817 669 950 747 insuper
971 668 1132 729 terrebant
1149 668 1284 730 diversis
1300 670 1436 732 auctori·

314 765 376 827 bus
404 765 549 842 volgata:
578 766 612 825 in
640 765 801 826 vestibulo
830 765 983 845 Capitolii
1005 767 1140 827 omissae
1163 766 1307 828 habenas
1328 766 1434 845 bigae,

314 864 365 925 cui
380 864 523 924 Victoria
537 864 699 924 institerat
706 885 713 940 ;
729 864 872 942 erupisse
884 863 965 924 cella
977 863 1112 925 Iunonis
1122 864 1279 925 maiorem
1291 865 1436 926 humana

313 962 468 1040 speciem3
497 966 639 1022 statuam
660 959 728 1021 divi
749 961 827 1021 Iulii
848 962 883 1022 in
903 961 1011 1022 insula
1032 961 1174 1022 Tiberini
1196 963 1303 1023 amnis
1324 982 1434 1026 sereno

225 1065 228 1069 '
313 1065 345 1120 et
366 1060 501 1120 immoto
523 1058 574 1119 die
596 1058 636 1119 ab
659 1058 832 1121 Occidente
853 1059 888 1119 in
910 1059 1074 1121 Orientem
1096 1078 1301 1138 conversam3
1330 1061 1465 1140 prolot

312 1163 425 1218 cutum
457 1157 491 1217 in
522 1156 653 1218 Etruria
683 1157 816 1229 bovem,
856 1157 1002 1218 insolitos
1034 1158 1226 1218 animalium
1257 1163 1373 1237 partus
1405 1164 1436 1221 et

312 1256 407 1334 plura
434 1254 514 1332 alia,
542 1254 676 1316 rudibus
704 1254 840 1315 saeculis
863 1256 961 1315 etiam
982 1255 1016 1315 in
1037 1274 1116 1334 pace
1137 1255 1322 1333 observata,
1352 1275 1436 1336 quae

312 1372 399 1414 nunc
427 1358 557 1413 tantum
585 1353 618 1412 in
646 1357 737 1413 metu
756 1352 952 1413 audiuntur.
986 1352 1048 1413 Sed
1076 1353 1270 1432 praecipuus
1299 1360 1331 1415 et
1361 1374 1435 1416 cum

312 1450 473 1529 praesenti
495 1450 593 1510 exitio
615 1450 714 1510 etiam
735 1450 836 1511 futuri
857 1469 959 1529 pavor
979 1450 1087 1512 subita
1107 1450 1322 1512 inundatione
1344 1452 1435 1516 Tibe.-

312 1549 371 1624 ris3
400 1549 456 1627 qui
484 1548 643 1609 immenso
671 1553 784 1625 auctu,
812 1553 945 1627 proruto
973 1554 1072 1628 ponte
1099 1548 1236 1610 sublicio
1264 1569 1303 1610 ac
1330 1554 1436 1629 strage
1453 1557 1477 1616 u

312 1647 470 1707 obstantis
499 1646 593 1707 molis
621 1645 763 1717 refusus,
791 1666 857 1707 non
886 1645 983 1706 modo
1010 1646 1149 1708 iacentia
1172 1651 1204 1706 et
1224 1646 1325 1725 plana
1345 1648 1436 1709 urbis

212 1781 217 1796 r
311 1744 396 1819 loca,
418 1744 474 1805 sed
495 1763 607 1804 secura
628 1743 787 1805 eiusmodi
808 1762 944 1803 casuum
965 1743 1122 1822 implevit.
1145 1743 1242 1823 Rapti
1263 1764 1281 1805 e
1302 1744 1436 1824 publico

311 1842 473 1922 plerique,
502 1842 610 1921 plures
637 1842 672 1902 in
700 1841 841 1902 tabernis
870 1846 902 1902 et
930 1841 1091 1903 cubilibus
1117 1842 1303 1921 intercepti;
1332 1842 1436 1905 fames

311 1940 346 2001 in
367 1940 481 2017 volgus
502 1940 612 2019 inopia
633 1945 786 2019 quaestus
808 1945 840 2000 et
861 1940 996 2018 penuria
1015 1939 1259 2017 alimentornm;
1283 1946 1436 2021 corrupta

311 2037 535 2116 stagnantibus
566 2039 659 2118 aquis
691 2038 870 2098 insularum
904 2037 1131 2115 fundamenta,
1163 2037 1239 2098 dein
1270 2044 1436 2101 remeante
1454 2051 1477 2104 u

310 2136 445 2196 flumine
473 2135 614 2215 dilapsa;
643 2130 743 2215 utque
772 2136 916 2215 primum
944 2125 1066 2196 vacuus
1094 2155 1113 2195 a
1137 2134 1281 2214 periculo
1303 2136 1435 2198 animus

312 2234 390 2311 fuit,
418 2232 451 2294 id
479 2234 604 2312 ipsum,
632 2232 720 2312 quod
741 2233 870 2312 paranti
891 2232 1131 2311 expeditionem
1153 2231 1275 2294 Othoni
1296 2253 1436 2313 campus

312 2332 448 2391 Martius
480 2336 512 2391 et
542 2331 596 2392 via
628 2331 805 2407 Flaminia,
838 2331 902 2391 iter'
926 2330 1020 2405 belli,
1052 2334 1136 2391 esset
1163 2331 1385 2412 obstructum,
1416 2353 1437 2394 a

312 2429 452 2491 fortuitis
474 2429 525 2489 vel
547 2428 750 2489 naturalibus
771 2428 877 2489 causis
898 2427 932 2487 in
954 2427 1138 2506 prodigium
1159 2434 1191 2489 et
1212 2447 1308 2489 omen
1326 2429 1436 2490 immi·

311 2530 460 2589 nentium
481 2527 624 2589 cladium
645 2528 838 2589 vertebatur.
928 2565 932 2574 ι
1452 2540 1477 2596 2(

255 2632 295 2696 87
352 2627 437 2689 Otho
471 2627 608 2687 lustrata
640 2626 719 2687 urbe
751 2632 783 2687 et
813 2627 964 2705 expensis
995 2626 1072 2687 belli
1103 2625 1261 2704 consiliiS,
1300 2628 1436 2704 quando

311 2725 471 2785 Poeninae
497 2724 686 2802 Cottiaeque
708 2722 807 2802 Alpes
828 2728 861 2784 et
881 2723 977 2784 ceteri
999 2722 1180 2783 Galliarum
1202 2722 1310 2784 aditus
1333 2724 1436 2785 Vitel-

312 2822 406 2882 lianis
434 2821 628 2882 exercitibus
656 2819 906 2898 claudebantur,
935 2821 1178 2881 Narbonensem
1206 2820 1351 2881 Galliam
1379 2822 1436 2883 ad-

309 2919 398 2997 gredi
426 2920 555 2992 statuit,
584 2918 684 2979 clnsse
712 2918 821 2979 valida
849 2923 882 2979 et
902 2919 1049 2998 partibus
1070 2918 1152 2997 fida,
1181 2917 1268 2998 quod
1289 2918 1435 3000 reliquos

310 3020 477 3079 caesorum
498 3017 540 3077 ad
560 3013 693 3095 pontem
715 3015 879 3076 Mulvium
901 3022 933 3077 et
947 3017 1083 3078 saevitia
1098 3016 1220 3077 Galbae
1234 3017 1269 3076 in
1284 3003 1441 3079 custodia
1452 3031 1477 3088 21

310 3115 438 3176 habitos
468 3115 502 3173 in
533 3133 684 3175 numeros
712 3114 846 3191 legionis
874 3119 1114 3194 composuerat,
1146 3113 1232 3174 facta
1258 3119 1292 3175 et
1318 3117 1434 3178 ceteris

309 3233 366 3292 spe
393 3213 569 3273 honoratae
596 3212 629 3272 in
656 3217 821 3291 posterum
841 3213 987 3273 militiae.
1016 3210 1153 3271 Addidit
1174 3212 1269 3273 classi
1289 3212 1433 3274 urbanae

294 3305 455 3371 'cohortes
476 3314 508 3370 et
529 3309 697 3390 plerosque
719 3330 736 3370 e
757 3311 984 3389 praetorianis,
1006 3310 1083 3370 viris
1105 3314 1136 3370 et
1156 3309 1254 3371 robur
1270 3312 1433 3374 exercitus

343 3535 368 3584 4.
389 3534 472 3600 specie
490 3534 519 3584 F.
540 3564 573 3570 —
593 3532 617 3585 6.
637 3533 753 3583 insolitas
773 3530 813 3582 ΡΙ.
834 3562 867 3569 -
889 3531 929 3584 10.
950 3538 1057 3598 proruto
1076 3529 1183 3582 Gronau
1200 3539 1326 3597 prerupto
1346 3533 1378 3584 F.
1397 3561 1430 3570 -

310 3659 350 3710 13.
376 3660 411 3726 ct]
437 3675 469 3708 cx
494 3659 524 3709 F.
550 3689 583 3695 -
611 3659 651 3708 14.
673 3665 731 3724 poet
756 3658 787 3707 In
813 3619 891 3722 uolgii
911 3657 1002 3723 incipit
1020 3657 1100 3706 altera
1120 3656 1212 3706 uonna
1230 3656 1283 3706 cod.
1303 3656 1340 3721 F,
1366 3675 1429 3725 quae

303 3748 388 3813 pergit
413 3748 446 3796 ud
466 3748 480 3796 l.
507 3747 542 3797 ll.
568 3744 584 3796 ‘2
609 3746 732 3812 Cyprum.
758 3746 791 3795 Ia
814 3746 928 3811 ntarpino
946 3745 1064 3810 inferiore
1076 3744 1124 3810 sol.
1145 3745 1179 3797 59
1198 3762 1219 3795 v.
1238 3762 1324 3796 recens
1342 3764 1428 3797 manaa

307 3836 420 3902 empsit:
440 3836 481 3886 hic
499 3836 585 3886 deficit
605 3853 684 3886 unum
704 3836 791 3885 ioliunr
812 3835 957 3885 dimittatur
975 3834 1088 3900 spatium
1106 3851 1153 3900 pro
1172 3834 1240 3885 dieto
1252 3836 1320 3887 lolio.
1343 3838 1426 3891 -16,

307 3933 335 3975 ut
346 3925 389 3991 qui
401 3924 452 3975 obl.
472 3956 506 3962 -
516 3924 559 3976 21.
580 3925 639 3976 belli
649 3925 730 3975 thn.
742 3925 808 3975 bello
818 3925 857 3974 ab.
876 3954 908 3961 —
919 3922 962 3975 2⁶2.
974 3924 1107 3974 Penninac
1117 3924 1156 3975 ab.
1168 3953 1200 3961 -
1211 3924 1339 3991 coctiueq;
1354 3926 1386 3999 ab
1395 3953 1425 3963 —

306 4012 350 4066 25.
375 4030 506 4064 caesarum
526 4012 577 4064 abl.
604 4044 637 4051 —
658 4014 787 4064 Muluium
807 4013 914 4063 Bellen
940 4013 1058 4063 miluium
1078 4031 1094 4062 a
1113 4012 1231 4063 milinum
1250 4013 1272 4062 b.
1295 4043 1327 4052 -
1346 4022 1426 4065 custo·

306 4102 376 4152 diurn
405 4102 456 4153 obl.
486 4132 519 4138 —
547 4101 590 4153 2l.
618 4120 663 4168 spe
694 4101 801 4153 Gronor.
827 4119 884 4167 spes
909 4102 948 4151 ab.
975 4132 1008 4139 —
1033 4102 1175 4152 honoratae
1199 4102 1231 4152 ab
1254 4101 1425 4154 honoratioris

305 4192 392 4258 trrtlpo.
414 4221 447 4227 —
466 4191 509 4243 28.
529 4199 553 4242 ct
572 4191 643 4257 Lipa.
663 4201 692 4241 nt
711 4191 750 4241 ab.
